{"names":["frescos","charcuteria-y-quesos","alimentacion","desayuno-dulces-y-pan","lacteos-y-huevos","productos-sin-gluten","congelados-y-helados","bebidas","bebe","perfumeria-e-higiene","drogueria-y-limpieza","mascotas","soy-solidario","comercio-justo"],"frescos":{"name":"Frescos","subCategoriesName":["carne-y-aves","pescado-y-marisco","fruta","verdura-y-hortalizas"],"carne-y-aves":{"name":"Carneyaves","productTypes":["cerdo","conejo","pavo","pollo","ternera","adobados","empanados-y-cocidos","hamburguesas-y-picadas","salchichas-chorizo-morcilla","otros-elaborados","carniceria-al-corte"],"cerdo":{"categoryUrl":"/compra-online/productos/frescos/carne-y-aves/cerdo/c/WEB.001.001.00001","products":[{"title":"Carrillada de cerdo (peso aprox. 600 gr)","price":"5,37 €","pricePerUnit":"(8,95 €/Kg.)","imgUrl":"https://s1.dia.es/medias/hf9/ha4/9529494405150.jpg"},{"title":"Chuleta de aguja con hueso 600 gr","price":"2,55 €","pricePerUnit":"(4,25 €/Kg.)","imgUrl":"https://s0.dia.es/medias/h55/h05/9382681215006.jpg"},{"title":"Chuleta de lomo bandeja 600 gr","price":"2,70 €","pricePerUnit":"(4,50 €/Kg.)","imgUrl":"https://s2.dia.es/medias/h9d/hf2/8820338851870.png"},{"title":"Chuleta de sajonia bandeja 400 gr","price":"3,25 €","pricePerUnit":"(8,13 €/Kg.)","imgUrl":"https://s1.dia.es/medias/h8b/h09/9373070295070.jpg"},{"title":"Codillo cocido salmuerizado (peso aprox. 1.7 Kg)","price":"7,40 €","pricePerUnit":"(4,35 €/Kg.)","imgUrl":"https://s0.dia.es/medias/h0d/h12/8833022197790.png"},{"title":"Codillo de jamón curado (peso aprox. 490 gr)","price":"1,35 €","pricePerUnit":"(2,75 €/Kg.)","imgUrl":"https://s2.dia.es/medias/hc6/ha4/8833150648350.png"},{"title":"Escalopín de lomo extratierno bandeja 600 g","price":"3,75 €","pricePerUnit":"(6,25 €/Kg.)","imgUrl":"https://s3.dia.es/medias/hd0/h57/8913673945118.jpg"},{"title":"Espinazo salado 500 gr","price":"1,49 €","pricePerUnit":"(2,98 €/Kg.)","imgUrl":"https://s0.dia.es/medias/h76/h2b/8833219526686.png"},{"title":"Fiambre de lomo adobado bandeja 400 gr","price":"2,80 €","pricePerUnit":"(7,00 €/Kg.)","imgUrl":"https://s3.dia.es/medias/hc2/h76/9674605133854.jpg"},{"title":"Filete de cinta de lomo tierna bandeja 300 gr","price":"1,90 €","pricePerUnit":"(6,33 €/Kg.)","imgUrl":"https://s3.dia.es/medias/hab/h73/8954944454686.png"},{"title":"HEMOSA preparado para cocido 450 gr","price":"2,49 €","pricePerUnit":"(5,53 €/Kg.)","imgUrl":"https://s3.dia.es/medias/hd1/h0d/9509992300574.jpg"},{"title":"Lomo de cerdo extra al ajillo (peso aprox. 1 Kg)","price":"6,85 €","pricePerUnit":"(6,85 €/Kg.)","imgUrl":"https://s2.dia.es/medias/hd1/h07/8818184880158.png"},{"title":"Panceta de cerdo en filetes bandeja 560 g","price":"2,69 €","pricePerUnit":"(4,80 €/Kg.)","imgUrl":"https://s3.dia.es/medias/h44/hca/8899497459742.jpg"},{"title":"Secreto de cerdo (peso aprox. 800 gr)","price":"4,39 €","pricePerUnit":"(5,49 €/Kg.)","imgUrl":"https://s2.dia.es/medias/h1c/h64/8834101411870.png"},{"title":"SERRANO fiambre de magro envase 240 gr","price":"1,59 €","pricePerUnit":"(6,63 €/Kg.)","imgUrl":"https://s2.dia.es/medias/hc2/h6b/8825932677150.png"},{"title":"Solomillo de cerdo (peso aprox. 700 gr)","price":"5,50 €","pricePerUnit":"(7,85 €/Kg.)","imgUrl":"https://s2.dia.es/medias/hb1/h4d/8835353608222.png"},{"title":"Tira de costilla de cerdo fresca (peso aprox. 1.5 Kg)","price":"7,43 €","pricePerUnit":"(4,95 €/Kg.)","imgUrl":"https://s1.dia.es/medias/h39/hc8/8833029537822.png"}]},"conejo":{"categoryUrl":"/compra-online/productos/frescos/carne-y-aves/conejo/c/WEB.001.001.00002","products":[{"title":"Alas de pollo enteras bandeja 800 gr","price":"3,00 €","pricePerUnit":"(3,75 €/Kg.)","imgUrl":"https://s0.dia.es/medias/hb6/h28/9059125690398.jpg"},{"title":"Albóndigas mixtas bandeja 420 gr","price":"2,25 €","pricePerUnit":"(5,36 €/Kg.)","imgUrl":"https://s1.dia.es/medias/hdc/h61/9507675013150.jpg"},{"title":"Alitas de pollo partidas 520 gr","price":"2,26 €","pricePerUnit":"(4,35 €/Kg.)","imgUrl":"https://s3.dia.es/medias/h79/hdc/9093433884702.jpg"},{"title":"CAMPOFRÍO costilla en tira a las finas hierbas (peso aprox. 1.5 Kg)","price":"8,48 €","pricePerUnit":"(5,65 €/Kg.)","imgUrl":"https://s1.dia.es/medias/hfd/hbe/8958667587614.png"},{"title":"Carrillada de cerdo (peso aprox. 600 gr)","price":"5,37 €","pricePerUnit":"(8,95 €/Kg.)","imgUrl":"https://s1.dia.es/medias/hf9/ha4/9529494405150.jpg"},{"title":"Chorizo casero extra (peso aprox. 500 gr)","price":"2,95 €","pricePerUnit":"(5,90 €/Kg.)","imgUrl":"https://s0.dia.es/medias/h57/ha2/8833636106270.png"},{"title":"Chorizo criollo (peso aprox. 450 gr)","price":"2,79 €","pricePerUnit":"(6,20 €/Kg.)","imgUrl":"https://s1.dia.es/medias/h3b/hbe/8835120234526.png"},{"title":"Chorizo gallego malla 500 gr","price":"3,40 €","pricePerUnit":"(6,80 €/Kg.)","imgUrl":"https://s1.dia.es/medias/h14/hf3/9621624225822.jpg"},{"title":"Chuleta de aguja con hueso 600 gr","price":"2,55 €","pricePerUnit":"(4,25 €/Kg.)","imgUrl":"https://s0.dia.es/medias/h55/h05/9382681215006.jpg"},{"title":"Chuleta de lomo bandeja 600 gr","price":"2,70 €","pricePerUnit":"(4,50 €/Kg.)","imgUrl":"https://s2.dia.es/medias/h9d/hf2/8820338851870.png"},{"title":"Chuleta de sajonia bandeja 400 gr","price":"3,25 €","pricePerUnit":"(8,13 €/Kg.)","imgUrl":"https://s1.dia.es/medias/h8b/h09/9373070295070.jpg"},{"title":"Chuletas de pavo al ajillo bandeja (peso aprox. 800 gr)","price":"4,64 €","pricePerUnit":"(5,80 €/Kg.)","imgUrl":"https://s3.dia.es/medias/h7a/h21/8834513764382.png"},{"title":"Cinta de lomo adobada (peso aprox. 910 gr)","price":"6,01 €","pricePerUnit":"(6,60 €/Kg.)","imgUrl":"https://s1.dia.es/medias/h36/he9/8834290286622.png"},{"title":"Codillo cocido salmuerizado (peso aprox. 1.7 Kg)","price":"7,40 €","pricePerUnit":"(4,35 €/Kg.)","imgUrl":"https://s0.dia.es/medias/h0d/h12/8833022197790.png"},{"title":"Codillo de jamón curado (peso aprox. 490 gr)","price":"1,35 €","pricePerUnit":"(2,75 €/Kg.)","imgUrl":"https://s2.dia.es/medias/hc6/ha4/8833150648350.png"},{"title":"Costilla ibérica adobada (peso aprox. 750 gr)","price":"2,70 €","pricePerUnit":"(3,60 €/Kg.)","imgUrl":"https://s2.dia.es/medias/h6d/h28/9513026060318.jpg"},{"title":"Cuartos traseros de pollo bandeja (peso aprox. 800 gr)","price":"2,20 €","pricePerUnit":"(2,75 €/Kg.)","imgUrl":"https://s0.dia.es/medias/hf2/hf4/9056289849374.jpg"},{"title":"Cuartos traseros de pollo selección (peso aprox. 1.3 Kg)","price":"5,19 €","pricePerUnit":"(3,99 €/Kg.)","imgUrl":"https://s0.dia.es/medias/hee/h79/8834089877534.png"},{"title":"Delicias de pollo bandeja 500 gr","price":"2,25 €","pricePerUnit":"(4,50 €/Kg.)","imgUrl":"https://s3.dia.es/medias/hc0/hc9/8820000423966.png"},{"title":"DIQUESI hamburguesas veganas de calabacín y quinoa bandeja 200 gr","price":"2,59 €","pricePerUnit":"(12,95 €/Kg.)","imgUrl":"https://s0.dia.es/medias/h48/hc1/9573943476254.jpg"},{"title":"ELPOZO hamburguesas de cerdo ibérico bandeja 320 gr","price":"2,49 €","pricePerUnit":"(7,78 €/Kg.)","imgUrl":"https://s0.dia.es/medias/hb4/hb9/9594243907614.jpg"},{"title":"EMCESA butifarra fresca pincho (peso aprox. 400 gr)","price":"2,40 €","pricePerUnit":"(5,99 €/Kg.)","imgUrl":"https://s2.dia.es/medias/heb/ha5/8834659909662.png"},{"title":"EMCESA longaniza blanca fresca de cerdo bandeja peso aproximado 386 g","price":"2,76 €","pricePerUnit":"(7,15 €/Kg.)","imgUrl":"https://s3.dia.es/medias/h35/hec/9136813932574.jpg"},{"title":"Entrecot de vaca fileteada para la piedra bandeja (peso aprox. 300 gr)","price":"6,89 €","pricePerUnit":"(22,95 €/Kg.)","imgUrl":"https://s3.dia.es/medias/h29/hd5/9574955647006.jpg"},{"title":"Entrecot de vacuno (peso aprox. 390 gr)","price":"5,85 €","pricePerUnit":"(14,99 €/Kg.)","imgUrl":"https://s1.dia.es/medias/hf4/h46/9521953964062.jpg"},{"title":"Escalopines de ternera (peso aprox. 500 gr)","price":"4,45 €","pricePerUnit":"(8,90 €/Kg.)","imgUrl":"https://s0.dia.es/medias/h1e/h4d/8820383547422.png"},{"title":"Escalopín de lomo extratierno bandeja 600 g","price":"3,75 €","pricePerUnit":"(6,25 €/Kg.)","imgUrl":"https://s3.dia.es/medias/hd0/h57/8913673945118.jpg"},{"title":"Espinazo salado 500 gr","price":"1,49 €","pricePerUnit":"(2,98 €/Kg.)","imgUrl":"https://s0.dia.es/medias/h76/h2b/8833219526686.png"},{"title":"Fiambre de lomo adobado bandeja 400 gr","price":"2,80 €","pricePerUnit":"(7,00 €/Kg.)","imgUrl":"https://s3.dia.es/medias/hc2/h76/9674605133854.jpg"},{"title":"Filete 1ºA de ternera (peso aprox. 450 gr)","price":"4,72 €","pricePerUnit":"(10,49 €/Kg.)","imgUrl":"https://s0.dia.es/medias/h8a/hc0/8949429960734.png"},{"title":"Filete de cinta de lomo tierna bandeja 300 gr","price":"1,90 €","pricePerUnit":"(6,33 €/Kg.)","imgUrl":"https://s3.dia.es/medias/hab/h73/8954944454686.png"},{"title":"Filete extrafino de pollo 320 gr","price":"2,90 €","pricePerUnit":"(9,06 €/Kg.)","imgUrl":"https://s3.dia.es/medias/hc9/h11/8834425094174.png"},{"title":"Filetes de contramuslo de pollo bandeja (peso aprox. 700 gr)","price":"4,38 €","pricePerUnit":"(6,25 €/Kg.)","imgUrl":"https://s2.dia.es/medias/hca/h23/9056290177054.jpg"},{"title":"Filetes de pechuga de pollo bandeja (peso aprox. 700 gr)","price":"4,88 €","pricePerUnit":"(6,97 €/Kg.)","imgUrl":"https://s0.dia.es/medias/he7/h72/9382669418526.jpg"},{"title":"Filetes de pechuga de pollo corte fino bandeja (peso aprox. 650 gr)","price":"4,67 €","pricePerUnit":"(7,19 €/Kg.)","imgUrl":"https://s3.dia.es/medias/h14/hb5/9056285917214.jpg"},{"title":"Filetes de pechuga de pollo de antaño bandeja 400 gr","price":"3,40 €","pricePerUnit":"(8,50 €/Kg.)","imgUrl":"https://s2.dia.es/medias/h79/h61/9529493749790.jpg"},{"title":"Filetes de pechuga de pollo extrajugosa a las finas hierbas bandeja 375 gr","price":"2,60 €","pricePerUnit":"(6,93 €/Kg.)","imgUrl":"https://s2.dia.es/medias/h40/h11/9642233135134.jpg"},{"title":"Filetes de pollo empanados bandeja 400 gr","price":"2,40 €","pricePerUnit":"(6,00 €/Kg.)","imgUrl":"https://s3.dia.es/medias/h5a/hf1/9059150331934.jpg"},{"title":"GARDEN GOURMET hamburguesas vegetarianas bandeja 180 gr","price":"3,55 €","pricePerUnit":"(19,72 €/Kg.)","imgUrl":"https://s2.dia.es/medias/h44/hc3/9676164038686.jpg"},{"title":"Hamburguesas de vacuno bandeja 2 uds 250 gr","price":"2,60 €","pricePerUnit":"(10,40 €/Kg.)","imgUrl":"https://s1.dia.es/medias/hbc/h4c/8956548481054.png"},{"title":"HEMOSA preparado para cocido 450 gr","price":"2,49 €","pricePerUnit":"(5,53 €/Kg.)","imgUrl":"https://s3.dia.es/medias/hd1/h0d/9509992300574.jpg"},{"title":"Higados de pollo bandeja 450 gr","price":"1,00 €","pricePerUnit":"(2,22 €/Kg.)","imgUrl":"https://s1.dia.es/medias/hce/h80/8955061436446.png"},{"title":"Jamoncitos de pollo bandeja 500 gr","price":"2,45 €","pricePerUnit":"(4,90 €/Kg.)","imgUrl":"https://s2.dia.es/medias/h85/hb5/8954990002206.png"},{"title":"Jamoncitos de pollo familiar bandeja (peso aprox. 1.2 Kg)","price":"4,19 €","pricePerUnit":"(3,49 €/Kg.)","imgUrl":"https://s3.dia.es/medias/hb3/hc1/9056281460766.jpg"},{"title":"LA CARLOTEÑA redondo de pollo asado 1 unidad peso 340 g","price":"2,99 €","pricePerUnit":"(8,79 €/Kg.)","imgUrl":"https://s1.dia.es/medias/hc4/h2b/9147100200990.jpg"},{"title":"Lomo de cerdo extra al ajillo (peso aprox. 1 Kg)","price":"6,85 €","pricePerUnit":"(6,85 €/Kg.)","imgUrl":"https://s2.dia.es/medias/hd1/h07/8818184880158.png"},{"title":"Lomo de vaca madurado (peso aprox. 300 gr)","price":"5,70 €","pricePerUnit":"(18,99 €/Kg.)","imgUrl":"https://s2.dia.es/medias/h96/h92/9521948164126.jpg"},{"title":"Lomo extra adobado bandeja 300 gr","price":"2,50 €","pricePerUnit":"(8,33 €/Kg.)","imgUrl":"https://s0.dia.es/medias/h26/hc9/8954977878046.png"},{"title":"Longaniza fresca bandeja 350 gr","price":"1,45 €","pricePerUnit":"(4,14 €/Kg.)","imgUrl":"https://s1.dia.es/medias/h01/h04/9012294451230.jpg"},{"title":"Morcilla de burgos pieza 320 gr","price":"1,24 €","pricePerUnit":"(3,88 €/Kg.)","imgUrl":"https://s0.dia.es/medias/h99/hff/8913551294494.jpg"},{"title":"MRM lacón en tapas 200 gr","price":"3,09 €","pricePerUnit":"(15,45 €/Kg.)","imgUrl":"https://s1.dia.es/medias/h31/h56/8877268762654.png"},{"title":"Muslos de pollo abiertos para la plancha bandeja (peso aprox. 735 gr)","price":"2,93 €","pricePerUnit":"(3,99 €/Kg.)","imgUrl":"https://s2.dia.es/medias/h09/hec/9059172548638.jpg"},{"title":"NAVIDUL lacón ahumado natural sobre 170 gr","price":"2,00 €","pricePerUnit":"(11,76 €/Kg.)","imgUrl":"https://s0.dia.es/medias/hc1/h11/9683272040478.jpg"},{"title":"NOEL hamburguesas con ajo y perejil bandeja 360 gr","price":"1,89 €","pricePerUnit":"(5,25 €/Kg.)","imgUrl":"https://s1.dia.es/medias/hf8/h08/8833346928670.png"},{"title":"Oreja de cerdo adobada y cocida envase 500 gr","price":"2,99 €","pricePerUnit":"(5,98 €/Kg.)","imgUrl":"https://s0.dia.es/medias/ha3/h76/9288996225054.jpg"},{"title":"Panceta de cerdo en filetes bandeja 560 g","price":"2,69 €","pricePerUnit":"(4,80 €/Kg.)","imgUrl":"https://s3.dia.es/medias/h44/hca/8899497459742.jpg"},{"title":"Pechugas de pollo villaroy bandeja 400 gr","price":"3,25 €","pricePerUnit":"(8,13 €/Kg.)","imgUrl":"https://s3.dia.es/medias/h6b/haa/9529495060510.jpg"},{"title":"Pechugas enteras de pollo bandeja (peso aprox. 700 gr)","price":"4,26 €","pricePerUnit":"(6,08 €/Kg.)","imgUrl":"https://s0.dia.es/medias/h40/hde/9179068858398.jpg"},{"title":"Pollo de antaño limpio unidad (peso aprox. 2.3 Kg)","price":"8,03 €","pricePerUnit":"(3,49 €/Kg.)","imgUrl":"https://s1.dia.es/medias/h6b/hf7/8833521745950.png"},{"title":"Pollo limpio entero unidad (peso aprox. 2 Kg)","price":"4,96 €","pricePerUnit":"(2,48 €/Kg.)","imgUrl":"https://s2.dia.es/medias/h53/h72/9056278806558.jpg"},{"title":"Pollo para asar bandeja 2 uds 2 Kg","price":"5,00 €","pricePerUnit":"(2,50 €/Kg.)","imgUrl":"https://s3.dia.es/medias/h98/ha0/9573902712862.jpg"},{"title":"Preparado de carne picada de cerdo y vacuno bandeja 600 gr","price":"3,35 €","pricePerUnit":"(5,58 €/Kg.)","imgUrl":"https://s3.dia.es/medias/h60/hd7/9569494073374.jpg"},{"title":"Preparado de carne picada de vacuno bandeja 600 gr","price":"3,60 €","pricePerUnit":"(6,00 €/Kg.)","imgUrl":"https://s0.dia.es/medias/h3b/h09/9569475199006.jpg"},{"title":"ROLER carpaccio ternera bandeja 110 g","price":"2,75 €","pricePerUnit":"(25,00 €/Kg.)","imgUrl":"https://s0.dia.es/medias/h9d/h9e/8835418619934.png"},{"title":"ROLER escalopín de pavo adobado bandeja (peso aprox. 600 gr)","price":"3,87 €","pricePerUnit":"(6,45 €/Kg.)","imgUrl":"https://s0.dia.es/medias/hfa/h39/8817850122270.png"},{"title":"ROLER escalopín de pavo extra tierno bandeja (peso aprox. 600 gr)","price":"4,05 €","pricePerUnit":"(6,75 €/Kg.)","imgUrl":"https://s0.dia.es/medias/h6c/hdd/8819034685470.png"},{"title":"ROLER estofado de vacuno bandeja 500 gr","price":"3,90 €","pricePerUnit":"(7,80 €/Kg.)","imgUrl":"https://s3.dia.es/medias/h13/h5c/8818111217694.png"},{"title":"ROLER filetes de pavo al ajillo extrafino bandeja 320 gr","price":"3,10 €","pricePerUnit":"(9,69 €/Kg.)","imgUrl":"https://s0.dia.es/medias/h4a/h33/8834424569886.png"},{"title":"ROLER hamburguesa americana de vacuno XXL bandeja 400 gr","price":"3,99 €","pricePerUnit":"(9,98 €/Kg.)","imgUrl":"https://s2.dia.es/medias/hc9/hf3/9507674030110.jpg"},{"title":"ROLER hamburguesa de vacuno novillo angus 150 gr","price":"1,95 €","pricePerUnit":"(13,00 €/Kg.)","imgUrl":"https://s3.dia.es/medias/h94/ha8/9507673702430.jpg"},{"title":"ROLER hamburguesas de cerdo y vacuno bandeja 6 uds 540 gr","price":"3,15 €","pricePerUnit":"(5,83 €/Kg.)","imgUrl":"https://s2.dia.es/medias/ha1/hbf/9652556824606.jpg"},{"title":"ROLER hamburguesas de vacuno bandeja 6 uds 540 gr","price":"3,39 €","pricePerUnit":"(6,28 €/Kg.)","imgUrl":"https://s3.dia.es/medias/hea/hdf/9652606697502.jpg"},{"title":"ROLER pincho rojo de cerdo bandeja 272 gr","price":"1,99 €","pricePerUnit":"(7,32 €/Kg.)","imgUrl":"https://s0.dia.es/medias/h26/hbe/8832827457566.png"},{"title":"ROLER preparado de carne picada de cerdo y vacuno bandeja 400 gr","price":"2,45 €","pricePerUnit":"(6,13 €/Kg.)","imgUrl":"https://s0.dia.es/medias/h51/haf/9621626388510.jpg"},{"title":"ROLER preparado de carne picada de vacuno bandeja 400 gr","price":"2,55 €","pricePerUnit":"(6,38 €/Kg.)","imgUrl":"https://s3.dia.es/medias/h14/h12/9621632286750.jpg"},{"title":"ROLER solomillo de cadera bandeja 230 gr","price":"4,65 €","pricePerUnit":"(20,22 €/Kg.)","imgUrl":"https://s1.dia.es/medias/he1/h36/8834448687134.png"},{"title":"SANDELI san jacobo de pollo y pavo 340g","price":"1,37 €","pricePerUnit":"(4,03 €/Kg.)","imgUrl":"https://s1.dia.es/medias/h36/h02/9484589006878.jpg"},{"title":"Secreto de cerdo (peso aprox. 800 gr)","price":"4,39 €","pricePerUnit":"(5,49 €/Kg.)","imgUrl":"https://s2.dia.es/medias/h1c/h64/8834101411870.png"},{"title":"SERRANO fiambre de magro envase 240 gr","price":"1,59 €","pricePerUnit":"(6,63 €/Kg.)","imgUrl":"https://s2.dia.es/medias/hc2/h6b/8825932677150.png"},{"title":"SERRANO hamburguesas de pavo y pollo bandeja 320 gr","price":"2,30 €","pricePerUnit":"(7,19 €/Kg.)","imgUrl":"https://s1.dia.es/medias/heb/h7c/9021888790558.jpg"},{"title":"SERRANO lomo de pavo bandeja 450 gr","price":"2,95 €","pricePerUnit":"(6,56 €/Kg.)","imgUrl":"https://s1.dia.es/medias/hde/hcf/9520275587102.jpg"},{"title":"SERRANO longaniza de pavo y pollo 320 gr","price":"2,10 €","pricePerUnit":"(6,56 €/Kg.)","imgUrl":"https://s0.dia.es/medias/h76/hc7/9021871095838.jpg"},{"title":"SERRANO pechuga de pavo adobada bandeja 240 gr","price":"2,00 €","pricePerUnit":"(8,33 €/Kg.)","imgUrl":"https://s0.dia.es/medias/h51/h94/9520155328542.jpg"},{"title":"SERRANO preparado de carne picada de pavo y pollo bandeja 300 gr","price":"1,80 €","pricePerUnit":"(6,00 €/Kg.)","imgUrl":"https://s2.dia.es/medias/h9d/h8d/9502050222110.jpg"},{"title":"Solomillo de cerdo (peso aprox. 700 gr)","price":"5,50 €","pricePerUnit":"(7,85 €/Kg.)","imgUrl":"https://s2.dia.es/medias/hb1/h4d/8835353608222.png"},{"title":"Solomillo de pavo marinado (peso aprox. 500 gr)","price":"3,13 €","pricePerUnit":"(6,25 €/Kg.)","imgUrl":"https://s0.dia.es/medias/hd8/h70/8819088850974.png"},{"title":"Solomillos de pollo bandeja 350 gr","price":"2,60 €","pricePerUnit":"(7,43 €/Kg.)","imgUrl":"https://s0.dia.es/medias/h68/h0c/8835263103006.png"},{"title":"Tira de costilla de cerdo fresca (peso aprox. 1.5 Kg)","price":"7,43 €","pricePerUnit":"(4,95 €/Kg.)","imgUrl":"https://s1.dia.es/medias/h39/hc8/8833029537822.png"},{"title":"VALLINA compango asturiano bandeja 250 gr","price":"2,15 €","pricePerUnit":"(8,60 €/Kg.)","imgUrl":"https://s0.dia.es/medias/h60/h1a/8834074148894.png"}]},"pavo":{"categoryUrl":"/compra-online/productos/frescos/carne-y-aves/pavo/c/WEB.001.001.00004","products":[{"title":"Chuletas de pavo al ajillo bandeja (peso aprox. 800 gr)","price":"4,64 €","pricePerUnit":"(5,80 €/Kg.)","imgUrl":"https://s3.dia.es/medias/h7a/h21/8834513764382.png"},{"title":"ROLER escalopín de pavo adobado bandeja (peso aprox. 600 gr)","price":"3,87 €","pricePerUnit":"(6,45 €/Kg.)","imgUrl":"https://s0.dia.es/medias/hfa/h39/8817850122270.png"},{"title":"ROLER escalopín de pavo extra tierno bandeja (peso aprox. 600 gr)","price":"4,05 €","pricePerUnit":"(6,75 €/Kg.)","imgUrl":"https://s0.dia.es/medias/h6c/hdd/8819034685470.png"},{"title":"ROLER filetes de pavo al ajillo extrafino bandeja 320 gr","price":"3,10 €","pricePerUnit":"(9,69 €/Kg.)","imgUrl":"https://s0.dia.es/medias/h4a/h33/8834424569886.png"},{"title":"Solomillo de pavo marinado (peso aprox. 500 gr)","price":"3,13 €","pricePerUnit":"(6,25 €/Kg.)","imgUrl":"https://s0.dia.es/medias/hd8/h70/8819088850974.png"}]},"pollo":{"categoryUrl":"/compra-online/productos/frescos/carne-y-aves/pollo/c/WEB.001.001.00005","products":[{"title":"Alas de pollo enteras bandeja 800 gr","price":"3,00 €","pricePerUnit":"(3,75 €/Kg.)","imgUrl":"https://s0.dia.es/medias/hb6/h28/9059125690398.jpg"},{"title":"Alitas de pollo partidas 520 gr","price":"2,26 €","pricePerUnit":"(4,35 €/Kg.)","imgUrl":"https://s3.dia.es/medias/h79/hdc/9093433884702.jpg"},{"title":"Cuartos traseros de pollo bandeja (peso aprox. 800 gr)","price":"2,20 €","pricePerUnit":"(2,75 €/Kg.)","imgUrl":"https://s0.dia.es/medias/hf2/hf4/9056289849374.jpg"},{"title":"Cuartos traseros de pollo selección (peso aprox. 1.3 Kg)","price":"5,19 €","pricePerUnit":"(3,99 €/Kg.)","imgUrl":"https://s0.dia.es/medias/hee/h79/8834089877534.png"},{"title":"Delicias de pollo bandeja 500 gr","price":"2,25 €","pricePerUnit":"(4,50 €/Kg.)","imgUrl":"https://s3.dia.es/medias/hc0/hc9/8820000423966.png"},{"title":"Filete extrafino de pollo 320 gr","price":"2,90 €","pricePerUnit":"(9,06 €/Kg.)","imgUrl":"https://s3.dia.es/medias/hc9/h11/8834425094174.png"},{"title":"Filetes de contramuslo de pollo bandeja (peso aprox. 700 gr)","price":"4,38 €","pricePerUnit":"(6,25 €/Kg.)","imgUrl":"https://s2.dia.es/medias/hca/h23/9056290177054.jpg"},{"title":"Filetes de pechuga de pollo bandeja (peso aprox. 700 gr)","price":"4,88 €","pricePerUnit":"(6,97 €/Kg.)","imgUrl":"https://s0.dia.es/medias/he7/h72/9382669418526.jpg"},{"title":"Filetes de pechuga de pollo corte fino bandeja (peso aprox. 650 gr)","price":"4,67 €","pricePerUnit":"(7,19 €/Kg.)","imgUrl":"https://s3.dia.es/medias/h14/hb5/9056285917214.jpg"},{"title":"Filetes de pechuga de pollo de antaño bandeja 400 gr","price":"3,40 €","pricePerUnit":"(8,50 €/Kg.)","imgUrl":"https://s2.dia.es/medias/h79/h61/9529493749790.jpg"},{"title":"Filetes de pechuga de pollo extrajugosa a las finas hierbas bandeja 375 gr","price":"2,60 €","pricePerUnit":"(6,93 €/Kg.)","imgUrl":"https://s2.dia.es/medias/h40/h11/9642233135134.jpg"},{"title":"Higados de pollo bandeja 450 gr","price":"1,00 €","pricePerUnit":"(2,22 €/Kg.)","imgUrl":"https://s1.dia.es/medias/hce/h80/8955061436446.png"},{"title":"Jamoncitos de pollo bandeja 500 gr","price":"2,45 €","pricePerUnit":"(4,90 €/Kg.)","imgUrl":"https://s2.dia.es/medias/h85/hb5/8954990002206.png"},{"title":"Jamoncitos de pollo familiar bandeja (peso aprox. 1.2 Kg)","price":"4,19 €","pricePerUnit":"(3,49 €/Kg.)","imgUrl":"https://s3.dia.es/medias/hb3/hc1/9056281460766.jpg"},{"title":"Muslos de pollo abiertos para la plancha bandeja (peso aprox. 735 gr)","price":"2,93 €","pricePerUnit":"(3,99 €/Kg.)","imgUrl":"https://s2.dia.es/medias/h09/hec/9059172548638.jpg"},{"title":"Pechugas enteras de pollo bandeja (peso aprox. 700 gr)","price":"4,26 €","pricePerUnit":"(6,08 €/Kg.)","imgUrl":"https://s0.dia.es/medias/h40/hde/9179068858398.jpg"},{"title":"Pollo de antaño limpio unidad (peso aprox. 2.3 Kg)","price":"8,03 €","pricePerUnit":"(3,49 €/Kg.)","imgUrl":"https://s1.dia.es/medias/h6b/hf7/8833521745950.png"},{"title":"Pollo limpio entero unidad (peso aprox. 2 Kg)","price":"4,96 €","pricePerUnit":"(2,48 €/Kg.)","imgUrl":"https://s2.dia.es/medias/h53/h72/9056278806558.jpg"},{"title":"Pollo para asar bandeja 2 uds 2 Kg","price":"5,00 €","pricePerUnit":"(2,50 €/Kg.)","imgUrl":"https://s3.dia.es/medias/h98/ha0/9573902712862.jpg"},{"title":"Solomillos de pollo bandeja 350 gr","price":"2,60 €","pricePerUnit":"(7,43 €/Kg.)","imgUrl":"https://s0.dia.es/medias/h68/h0c/8835263103006.png"}]},"ternera":{"categoryUrl":"/compra-online/productos/frescos/carne-y-aves/ternera/c/WEB.001.001.00006","products":[{"title":"Entrecot de vaca fileteada para la piedra bandeja (peso aprox. 300 gr)","price":"6,89 €","pricePerUnit":"(22,95 €/Kg.)","imgUrl":"https://s3.dia.es/medias/h29/hd5/9574955647006.jpg"},{"title":"Entrecot de vacuno (peso aprox. 390 gr)","price":"5,85 €","pricePerUnit":"(14,99 €/Kg.)","imgUrl":"https://s1.dia.es/medias/hf4/h46/9521953964062.jpg"},{"title":"Escalopines de ternera (peso aprox. 500 gr)","price":"4,45 €","pricePerUnit":"(8,90 €/Kg.)","imgUrl":"https://s0.dia.es/medias/h1e/h4d/8820383547422.png"},{"title":"Filete 1ºA de ternera (peso aprox. 450 gr)","price":"4,72 €","pricePerUnit":"(10,49 €/Kg.)","imgUrl":"https://s0.dia.es/medias/h8a/hc0/8949429960734.png"},{"title":"Lomo de vaca madurado (peso aprox. 300 gr)","price":"5,70 €","pricePerUnit":"(18,99 €/Kg.)","imgUrl":"https://s2.dia.es/medias/h96/h92/9521948164126.jpg"},{"title":"ROLER carpaccio ternera bandeja 110 g","price":"2,75 €","pricePerUnit":"(25,00 €/Kg.)","imgUrl":"https://s0.dia.es/medias/h9d/h9e/8835418619934.png"},{"title":"ROLER estofado de vacuno bandeja 500 gr","price":"3,90 €","pricePerUnit":"(7,80 €/Kg.)","imgUrl":"https://s3.dia.es/medias/h13/h5c/8818111217694.png"},{"title":"ROLER solomillo de cadera bandeja 230 gr","price":"4,65 €","pricePerUnit":"(20,22 €/Kg.)","imgUrl":"https://s1.dia.es/medias/he1/h36/8834448687134.png"}]},"adobados":{"categoryUrl":"/compra-online/productos/frescos/carne-y-aves/adobados/c/WEB.001.001.00007","products":[{"title":"Cinta de lomo adobada (peso aprox. 910 gr)","price":"6,01 €","pricePerUnit":"(6,60 €/Kg.)","imgUrl":"https://s1.dia.es/medias/h36/he9/8834290286622.png"},{"title":"Costilla ibérica adobada (peso aprox. 750 gr)","price":"2,70 €","pricePerUnit":"(3,60 €/Kg.)","imgUrl":"https://s2.dia.es/medias/h6d/h28/9513026060318.jpg"},{"title":"Lomo extra adobado bandeja 300 gr","price":"2,50 €","pricePerUnit":"(8,33 €/Kg.)","imgUrl":"https://s0.dia.es/medias/h26/hc9/8954977878046.png"},{"title":"Oreja de cerdo adobada y cocida envase 500 gr","price":"2,99 €","pricePerUnit":"(5,98 €/Kg.)","imgUrl":"https://s0.dia.es/medias/ha3/h76/9288996225054.jpg"},{"title":"ROLER pincho rojo de cerdo bandeja 272 gr","price":"1,99 €","pricePerUnit":"(7,32 €/Kg.)","imgUrl":"https://s0.dia.es/medias/h26/hbe/8832827457566.png"},{"title":"SERRANO pechuga de pavo adobada bandeja 240 gr","price":"2,00 €","pricePerUnit":"(8,33 €/Kg.)","imgUrl":"https://s0.dia.es/medias/h51/h94/9520155328542.jpg"}]},"empanados-y-cocidos":{"categoryUrl":"/compra-online/productos/frescos/carne-y-aves/empanados-y-cocidos/c/WEB.001.001.00009","products":[{"title":"Filetes de pollo empanados bandeja 400 gr","price":"2,40 €","pricePerUnit":"(6,00 €/Kg.)","imgUrl":"https://s3.dia.es/medias/h5a/hf1/9059150331934.jpg"},{"title":"Pechugas de pollo villaroy bandeja 400 gr","price":"3,25 €","pricePerUnit":"(8,13 €/Kg.)","imgUrl":"https://s3.dia.es/medias/h6b/haa/9529495060510.jpg"},{"title":"SANDELI san jacobo de pollo y pavo 340g","price":"1,37 €","pricePerUnit":"(4,03 €/Kg.)","imgUrl":"https://s1.dia.es/medias/h36/h02/9484589006878.jpg"}]},"hamburguesas-y-picadas":{"categoryUrl":"/compra-online/productos/frescos/carne-y-aves/hamburguesas-y-picadas/c/WEB.001.001.00010","products":[{"title":"DIQUESI hamburguesas veganas de calabacín y quinoa bandeja 200 gr","price":"2,59 €","pricePerUnit":"(12,95 €/Kg.)","imgUrl":"https://s0.dia.es/medias/h48/hc1/9573943476254.jpg"},{"title":"ELPOZO hamburguesas de cerdo ibérico bandeja 320 gr","price":"2,49 €","pricePerUnit":"(7,78 €/Kg.)","imgUrl":"https://s0.dia.es/medias/hb4/hb9/9594243907614.jpg"},{"title":"GARDEN GOURMET hamburguesas vegetarianas bandeja 180 gr","price":"3,55 €","pricePerUnit":"(19,72 €/Kg.)","imgUrl":"https://s2.dia.es/medias/h44/hc3/9676164038686.jpg"},{"title":"Hamburguesas de vacuno bandeja 2 uds 250 gr","price":"2,60 €","pricePerUnit":"(10,40 €/Kg.)","imgUrl":"https://s1.dia.es/medias/hbc/h4c/8956548481054.png"},{"title":"NOEL hamburguesas con ajo y perejil bandeja 360 gr","price":"1,89 €","pricePerUnit":"(5,25 €/Kg.)","imgUrl":"https://s1.dia.es/medias/hf8/h08/8833346928670.png"},{"title":"Preparado de carne picada de cerdo y vacuno bandeja 600 gr","price":"3,35 €","pricePerUnit":"(5,58 €/Kg.)","imgUrl":"https://s3.dia.es/medias/h60/hd7/9569494073374.jpg"},{"title":"Preparado de carne picada de vacuno bandeja 600 gr","price":"3,60 €","pricePerUnit":"(6,00 €/Kg.)","imgUrl":"https://s0.dia.es/medias/h3b/h09/9569475199006.jpg"},{"title":"ROLER hamburguesa americana de vacuno XXL bandeja 400 gr","price":"3,99 €","pricePerUnit":"(9,98 €/Kg.)","imgUrl":"https://s2.dia.es/medias/hc9/hf3/9507674030110.jpg"},{"title":"ROLER hamburguesa de vacuno novillo angus 150 gr","price":"1,95 €","pricePerUnit":"(13,00 €/Kg.)","imgUrl":"https://s3.dia.es/medias/h94/ha8/9507673702430.jpg"},{"title":"ROLER hamburguesas de cerdo y vacuno bandeja 6 uds 540 gr","price":"3,15 €","pricePerUnit":"(5,83 €/Kg.)","imgUrl":"https://s2.dia.es/medias/ha1/hbf/9652556824606.jpg"},{"title":"ROLER hamburguesas de vacuno bandeja 6 uds 540 gr","price":"3,39 €","pricePerUnit":"(6,28 €/Kg.)","imgUrl":"https://s3.dia.es/medias/hea/hdf/9652606697502.jpg"},{"title":"ROLER preparado de carne picada de cerdo y vacuno bandeja 400 gr","price":"2,45 €","pricePerUnit":"(6,13 €/Kg.)","imgUrl":"https://s0.dia.es/medias/h51/haf/9621626388510.jpg"},{"title":"ROLER preparado de carne picada de vacuno bandeja 400 gr","price":"2,55 €","pricePerUnit":"(6,38 €/Kg.)","imgUrl":"https://s3.dia.es/medias/h14/h12/9621632286750.jpg"},{"title":"SERRANO hamburguesas de pavo y pollo bandeja 320 gr","price":"2,30 €","pricePerUnit":"(7,19 €/Kg.)","imgUrl":"https://s1.dia.es/medias/heb/h7c/9021888790558.jpg"},{"title":"SERRANO preparado de carne picada de pavo y pollo bandeja 300 gr","price":"1,80 €","pricePerUnit":"(6,00 €/Kg.)","imgUrl":"https://s2.dia.es/medias/h9d/h8d/9502050222110.jpg"}]},"salchichas-chorizo-morcilla":{"categoryUrl":"/compra-online/productos/frescos/carne-y-aves/salchichas-chorizo-morcilla/c/WEB.001.001.00011","products":[{"title":"Chorizo casero extra (peso aprox. 500 gr)","price":"2,95 €","pricePerUnit":"(5,90 €/Kg.)","imgUrl":"https://s0.dia.es/medias/h57/ha2/8833636106270.png"},{"title":"Chorizo criollo (peso aprox. 450 gr)","price":"2,79 €","pricePerUnit":"(6,20 €/Kg.)","imgUrl":"https://s1.dia.es/medias/h3b/hbe/8835120234526.png"},{"title":"Chorizo gallego malla 500 gr","price":"3,40 €","pricePerUnit":"(6,80 €/Kg.)","imgUrl":"https://s1.dia.es/medias/h14/hf3/9621624225822.jpg"},{"title":"EMCESA butifarra fresca pincho (peso aprox. 400 gr)","price":"2,40 €","pricePerUnit":"(5,99 €/Kg.)","imgUrl":"https://s2.dia.es/medias/heb/ha5/8834659909662.png"},{"title":"EMCESA longaniza blanca fresca de cerdo bandeja peso aproximado 386 g","price":"2,76 €","pricePerUnit":"(7,15 €/Kg.)","imgUrl":"https://s3.dia.es/medias/h35/hec/9136813932574.jpg"},{"title":"Longaniza fresca bandeja 350 gr","price":"1,45 €","pricePerUnit":"(4,14 €/Kg.)","imgUrl":"https://s1.dia.es/medias/h01/h04/9012294451230.jpg"},{"title":"Morcilla de burgos pieza 320 gr","price":"1,24 €","pricePerUnit":"(3,88 €/Kg.)","imgUrl":"https://s0.dia.es/medias/h99/hff/8913551294494.jpg"},{"title":"SERRANO longaniza de pavo y pollo 320 gr","price":"2,10 €","pricePerUnit":"(6,56 €/Kg.)","imgUrl":"https://s0.dia.es/medias/h76/hc7/9021871095838.jpg"},{"title":"VALLINA compango asturiano bandeja 250 gr","price":"2,15 €","pricePerUnit":"(8,60 €/Kg.)","imgUrl":"https://s0.dia.es/medias/h60/h1a/8834074148894.png"}]},"otros-elaborados":{"categoryUrl":"/compra-online/productos/frescos/carne-y-aves/otros-elaborados/c/WEB.001.001.00014","products":[{"title":"Albóndigas mixtas bandeja 420 gr","price":"2,25 €","pricePerUnit":"(5,36 €/Kg.)","imgUrl":"https://s1.dia.es/medias/hdc/h61/9507675013150.jpg"},{"title":"CAMPOFRÍO costilla en tira a las finas hierbas (peso aprox. 1.5 Kg)","price":"8,48 €","pricePerUnit":"(5,65 €/Kg.)","imgUrl":"https://s1.dia.es/medias/hfd/hbe/8958667587614.png"},{"title":"LA CARLOTEÑA redondo de pollo asado 1 unidad peso 340 g","price":"2,99 €","pricePerUnit":"(8,79 €/Kg.)","imgUrl":"https://s1.dia.es/medias/hc4/h2b/9147100200990.jpg"},{"title":"MRM lacón en tapas 200 gr","price":"3,09 €","pricePerUnit":"(15,45 €/Kg.)","imgUrl":"https://s1.dia.es/medias/h31/h56/8877268762654.png"},{"title":"NAVIDUL lacón ahumado natural sobre 170 gr","price":"2,00 €","pricePerUnit":"(11,76 €/Kg.)","imgUrl":"https://s0.dia.es/medias/hc1/h11/9683272040478.jpg"},{"title":"SERRANO lomo de pavo bandeja 450 gr","price":"2,95 €","pricePerUnit":"(6,56 €/Kg.)","imgUrl":"https://s1.dia.es/medias/hde/hcf/9520275587102.jpg"}]},"carniceria-al-corte":{"categoryUrl":"/compra-online/productos/frescos/carne-y-aves/carniceria-al-corte/c/WEB.001.001.00015","products":[{"title":"Alas de pollo enteras bandeja 800 gr","price":"3,00 €","pricePerUnit":"(3,75 €/Kg.)","imgUrl":"https://s0.dia.es/medias/hb6/h28/9059125690398.jpg"},{"title":"Albóndigas mixtas bandeja 420 gr","price":"2,25 €","pricePerUnit":"(5,36 €/Kg.)","imgUrl":"https://s1.dia.es/medias/hdc/h61/9507675013150.jpg"},{"title":"Alitas de pollo partidas 520 gr","price":"2,26 €","pricePerUnit":"(4,35 €/Kg.)","imgUrl":"https://s3.dia.es/medias/h79/hdc/9093433884702.jpg"},{"title":"CAMPOFRÍO costilla en tira a las finas hierbas (peso aprox. 1.5 Kg)","price":"8,48 €","pricePerUnit":"(5,65 €/Kg.)","imgUrl":"https://s1.dia.es/medias/hfd/hbe/8958667587614.png"},{"title":"Carrillada de cerdo (peso aprox. 600 gr)","price":"5,37 €","pricePerUnit":"(8,95 €/Kg.)","imgUrl":"https://s1.dia.es/medias/hf9/ha4/9529494405150.jpg"},{"title":"Chorizo casero extra (peso aprox. 500 gr)","price":"2,95 €","pricePerUnit":"(5,90 €/Kg.)","imgUrl":"https://s0.dia.es/medias/h57/ha2/8833636106270.png"},{"title":"Chorizo criollo (peso aprox. 450 gr)","price":"2,79 €","pricePerUnit":"(6,20 €/Kg.)","imgUrl":"https://s1.dia.es/medias/h3b/hbe/8835120234526.png"},{"title":"Chorizo gallego malla 500 gr","price":"3,40 €","pricePerUnit":"(6,80 €/Kg.)","imgUrl":"https://s1.dia.es/medias/h14/hf3/9621624225822.jpg"},{"title":"Chuleta de aguja con hueso 600 gr","price":"2,55 €","pricePerUnit":"(4,25 €/Kg.)","imgUrl":"https://s0.dia.es/medias/h55/h05/9382681215006.jpg"},{"title":"Chuleta de lomo bandeja 600 gr","price":"2,70 €","pricePerUnit":"(4,50 €/Kg.)","imgUrl":"https://s2.dia.es/medias/h9d/hf2/8820338851870.png"},{"title":"Chuleta de sajonia bandeja 400 gr","price":"3,25 €","pricePerUnit":"(8,13 €/Kg.)","imgUrl":"https://s1.dia.es/medias/h8b/h09/9373070295070.jpg"},{"title":"Chuletas de pavo al ajillo bandeja (peso aprox. 800 gr)","price":"4,64 €","pricePerUnit":"(5,80 €/Kg.)","imgUrl":"https://s3.dia.es/medias/h7a/h21/8834513764382.png"},{"title":"Cinta de lomo adobada (peso aprox. 910 gr)","price":"6,01 €","pricePerUnit":"(6,60 €/Kg.)","imgUrl":"https://s1.dia.es/medias/h36/he9/8834290286622.png"},{"title":"Codillo cocido salmuerizado (peso aprox. 1.7 Kg)","price":"7,40 €","pricePerUnit":"(4,35 €/Kg.)","imgUrl":"https://s0.dia.es/medias/h0d/h12/8833022197790.png"},{"title":"Codillo de jamón curado (peso aprox. 490 gr)","price":"1,35 €","pricePerUnit":"(2,75 €/Kg.)","imgUrl":"https://s2.dia.es/medias/hc6/ha4/8833150648350.png"},{"title":"Costilla ibérica adobada (peso aprox. 750 gr)","price":"2,70 €","pricePerUnit":"(3,60 €/Kg.)","imgUrl":"https://s2.dia.es/medias/h6d/h28/9513026060318.jpg"},{"title":"Cuartos traseros de pollo bandeja (peso aprox. 800 gr)","price":"2,20 €","pricePerUnit":"(2,75 €/Kg.)","imgUrl":"https://s0.dia.es/medias/hf2/hf4/9056289849374.jpg"},{"title":"Cuartos traseros de pollo selección (peso aprox. 1.3 Kg)","price":"5,19 €","pricePerUnit":"(3,99 €/Kg.)","imgUrl":"https://s0.dia.es/medias/hee/h79/8834089877534.png"},{"title":"Delicias de pollo bandeja 500 gr","price":"2,25 €","pricePerUnit":"(4,50 €/Kg.)","imgUrl":"https://s3.dia.es/medias/hc0/hc9/8820000423966.png"},{"title":"DIQUESI hamburguesas veganas de calabacín y quinoa bandeja 200 gr","price":"2,59 €","pricePerUnit":"(12,95 €/Kg.)","imgUrl":"https://s0.dia.es/medias/h48/hc1/9573943476254.jpg"},{"title":"ELPOZO hamburguesas de cerdo ibérico bandeja 320 gr","price":"2,49 €","pricePerUnit":"(7,78 €/Kg.)","imgUrl":"https://s0.dia.es/medias/hb4/hb9/9594243907614.jpg"},{"title":"EMCESA butifarra fresca pincho (peso aprox. 400 gr)","price":"2,40 €","pricePerUnit":"(5,99 €/Kg.)","imgUrl":"https://s2.dia.es/medias/heb/ha5/8834659909662.png"},{"title":"EMCESA longaniza blanca fresca de cerdo bandeja peso aproximado 386 g","price":"2,76 €","pricePerUnit":"(7,15 €/Kg.)","imgUrl":"https://s3.dia.es/medias/h35/hec/9136813932574.jpg"},{"title":"Entrecot de vaca fileteada para la piedra bandeja (peso aprox. 300 gr)","price":"6,89 €","pricePerUnit":"(22,95 €/Kg.)","imgUrl":"https://s3.dia.es/medias/h29/hd5/9574955647006.jpg"},{"title":"Entrecot de vacuno (peso aprox. 390 gr)","price":"5,85 €","pricePerUnit":"(14,99 €/Kg.)","imgUrl":"https://s1.dia.es/medias/hf4/h46/9521953964062.jpg"},{"title":"Escalopines de ternera (peso aprox. 500 gr)","price":"4,45 €","pricePerUnit":"(8,90 €/Kg.)","imgUrl":"https://s0.dia.es/medias/h1e/h4d/8820383547422.png"},{"title":"Escalopín de lomo extratierno bandeja 600 g","price":"3,75 €","pricePerUnit":"(6,25 €/Kg.)","imgUrl":"https://s3.dia.es/medias/hd0/h57/8913673945118.jpg"},{"title":"Espinazo salado 500 gr","price":"1,49 €","pricePerUnit":"(2,98 €/Kg.)","imgUrl":"https://s0.dia.es/medias/h76/h2b/8833219526686.png"},{"title":"Fiambre de lomo adobado bandeja 400 gr","price":"2,80 €","pricePerUnit":"(7,00 €/Kg.)","imgUrl":"https://s3.dia.es/medias/hc2/h76/9674605133854.jpg"},{"title":"Filete 1ºA de ternera (peso aprox. 450 gr)","price":"4,72 €","pricePerUnit":"(10,49 €/Kg.)","imgUrl":"https://s0.dia.es/medias/h8a/hc0/8949429960734.png"},{"title":"Filete de cinta de lomo tierna bandeja 300 gr","price":"1,90 €","pricePerUnit":"(6,33 €/Kg.)","imgUrl":"https://s3.dia.es/medias/hab/h73/8954944454686.png"},{"title":"Filete extrafino de pollo 320 gr","price":"2,90 €","pricePerUnit":"(9,06 €/Kg.)","imgUrl":"https://s3.dia.es/medias/hc9/h11/8834425094174.png"},{"title":"Filetes de contramuslo de pollo bandeja (peso aprox. 700 gr)","price":"4,38 €","pricePerUnit":"(6,25 €/Kg.)","imgUrl":"https://s2.dia.es/medias/hca/h23/9056290177054.jpg"},{"title":"Filetes de pechuga de pollo bandeja (peso aprox. 700 gr)","price":"4,88 €","pricePerUnit":"(6,97 €/Kg.)","imgUrl":"https://s0.dia.es/medias/he7/h72/9382669418526.jpg"},{"title":"Filetes de pechuga de pollo corte fino bandeja (peso aprox. 650 gr)","price":"4,67 €","pricePerUnit":"(7,19 €/Kg.)","imgUrl":"https://s3.dia.es/medias/h14/hb5/9056285917214.jpg"},{"title":"Filetes de pechuga de pollo de antaño bandeja 400 gr","price":"3,40 €","pricePerUnit":"(8,50 €/Kg.)","imgUrl":"https://s2.dia.es/medias/h79/h61/9529493749790.jpg"},{"title":"Filetes de pechuga de pollo extrajugosa a las finas hierbas bandeja 375 gr","price":"2,60 €","pricePerUnit":"(6,93 €/Kg.)","imgUrl":"https://s2.dia.es/medias/h40/h11/9642233135134.jpg"},{"title":"Filetes de pollo empanados bandeja 400 gr","price":"2,40 €","pricePerUnit":"(6,00 €/Kg.)","imgUrl":"https://s3.dia.es/medias/h5a/hf1/9059150331934.jpg"},{"title":"GARDEN GOURMET hamburguesas vegetarianas bandeja 180 gr","price":"3,55 €","pricePerUnit":"(19,72 €/Kg.)","imgUrl":"https://s2.dia.es/medias/h44/hc3/9676164038686.jpg"},{"title":"Hamburguesas de vacuno bandeja 2 uds 250 gr","price":"2,60 €","pricePerUnit":"(10,40 €/Kg.)","imgUrl":"https://s1.dia.es/medias/hbc/h4c/8956548481054.png"},{"title":"HEMOSA preparado para cocido 450 gr","price":"2,49 €","pricePerUnit":"(5,53 €/Kg.)","imgUrl":"https://s3.dia.es/medias/hd1/h0d/9509992300574.jpg"},{"title":"Higados de pollo bandeja 450 gr","price":"1,00 €","pricePerUnit":"(2,22 €/Kg.)","imgUrl":"https://s1.dia.es/medias/hce/h80/8955061436446.png"},{"title":"Jamoncitos de pollo bandeja 500 gr","price":"2,45 €","pricePerUnit":"(4,90 €/Kg.)","imgUrl":"https://s2.dia.es/medias/h85/hb5/8954990002206.png"},{"title":"Jamoncitos de pollo familiar bandeja (peso aprox. 1.2 Kg)","price":"4,19 €","pricePerUnit":"(3,49 €/Kg.)","imgUrl":"https://s3.dia.es/medias/hb3/hc1/9056281460766.jpg"},{"title":"LA CARLOTEÑA redondo de pollo asado 1 unidad peso 340 g","price":"2,99 €","pricePerUnit":"(8,79 €/Kg.)","imgUrl":"https://s1.dia.es/medias/hc4/h2b/9147100200990.jpg"},{"title":"Lomo de cerdo extra al ajillo (peso aprox. 1 Kg)","price":"6,85 €","pricePerUnit":"(6,85 €/Kg.)","imgUrl":"https://s2.dia.es/medias/hd1/h07/8818184880158.png"},{"title":"Lomo de vaca madurado (peso aprox. 300 gr)","price":"5,70 €","pricePerUnit":"(18,99 €/Kg.)","imgUrl":"https://s2.dia.es/medias/h96/h92/9521948164126.jpg"},{"title":"Lomo extra adobado bandeja 300 gr","price":"2,50 €","pricePerUnit":"(8,33 €/Kg.)","imgUrl":"https://s0.dia.es/medias/h26/hc9/8954977878046.png"},{"title":"Longaniza fresca bandeja 350 gr","price":"1,45 €","pricePerUnit":"(4,14 €/Kg.)","imgUrl":"https://s1.dia.es/medias/h01/h04/9012294451230.jpg"},{"title":"Morcilla de burgos pieza 320 gr","price":"1,24 €","pricePerUnit":"(3,88 €/Kg.)","imgUrl":"https://s0.dia.es/medias/h99/hff/8913551294494.jpg"},{"title":"MRM lacón en tapas 200 gr","price":"3,09 €","pricePerUnit":"(15,45 €/Kg.)","imgUrl":"https://s1.dia.es/medias/h31/h56/8877268762654.png"},{"title":"Muslos de pollo abiertos para la plancha bandeja (peso aprox. 735 gr)","price":"2,93 €","pricePerUnit":"(3,99 €/Kg.)","imgUrl":"https://s2.dia.es/medias/h09/hec/9059172548638.jpg"},{"title":"NAVIDUL lacón ahumado natural sobre 170 gr","price":"2,00 €","pricePerUnit":"(11,76 €/Kg.)","imgUrl":"https://s0.dia.es/medias/hc1/h11/9683272040478.jpg"},{"title":"NOEL hamburguesas con ajo y perejil bandeja 360 gr","price":"1,89 €","pricePerUnit":"(5,25 €/Kg.)","imgUrl":"https://s1.dia.es/medias/hf8/h08/8833346928670.png"},{"title":"Oreja de cerdo adobada y cocida envase 500 gr","price":"2,99 €","pricePerUnit":"(5,98 €/Kg.)","imgUrl":"https://s0.dia.es/medias/ha3/h76/9288996225054.jpg"},{"title":"Panceta de cerdo en filetes bandeja 560 g","price":"2,69 €","pricePerUnit":"(4,80 €/Kg.)","imgUrl":"https://s3.dia.es/medias/h44/hca/8899497459742.jpg"},{"title":"Pechugas de pollo villaroy bandeja 400 gr","price":"3,25 €","pricePerUnit":"(8,13 €/Kg.)","imgUrl":"https://s3.dia.es/medias/h6b/haa/9529495060510.jpg"},{"title":"Pechugas enteras de pollo bandeja (peso aprox. 700 gr)","price":"4,26 €","pricePerUnit":"(6,08 €/Kg.)","imgUrl":"https://s0.dia.es/medias/h40/hde/9179068858398.jpg"},{"title":"Pollo de antaño limpio unidad (peso aprox. 2.3 Kg)","price":"8,03 €","pricePerUnit":"(3,49 €/Kg.)","imgUrl":"https://s1.dia.es/medias/h6b/hf7/8833521745950.png"},{"title":"Pollo limpio entero unidad (peso aprox. 2 Kg)","price":"4,96 €","pricePerUnit":"(2,48 €/Kg.)","imgUrl":"https://s2.dia.es/medias/h53/h72/9056278806558.jpg"},{"title":"Pollo para asar bandeja 2 uds 2 Kg","price":"5,00 €","pricePerUnit":"(2,50 €/Kg.)","imgUrl":"https://s3.dia.es/medias/h98/ha0/9573902712862.jpg"},{"title":"Preparado de carne picada de cerdo y vacuno bandeja 600 gr","price":"3,35 €","pricePerUnit":"(5,58 €/Kg.)","imgUrl":"https://s3.dia.es/medias/h60/hd7/9569494073374.jpg"},{"title":"Preparado de carne picada de vacuno bandeja 600 gr","price":"3,60 €","pricePerUnit":"(6,00 €/Kg.)","imgUrl":"https://s0.dia.es/medias/h3b/h09/9569475199006.jpg"},{"title":"ROLER carpaccio ternera bandeja 110 g","price":"2,75 €","pricePerUnit":"(25,00 €/Kg.)","imgUrl":"https://s0.dia.es/medias/h9d/h9e/8835418619934.png"},{"title":"ROLER escalopín de pavo adobado bandeja (peso aprox. 600 gr)","price":"3,87 €","pricePerUnit":"(6,45 €/Kg.)","imgUrl":"https://s0.dia.es/medias/hfa/h39/8817850122270.png"},{"title":"ROLER escalopín de pavo extra tierno bandeja (peso aprox. 600 gr)","price":"4,05 €","pricePerUnit":"(6,75 €/Kg.)","imgUrl":"https://s0.dia.es/medias/h6c/hdd/8819034685470.png"},{"title":"ROLER estofado de vacuno bandeja 500 gr","price":"3,90 €","pricePerUnit":"(7,80 €/Kg.)","imgUrl":"https://s3.dia.es/medias/h13/h5c/8818111217694.png"},{"title":"ROLER filetes de pavo al ajillo extrafino bandeja 320 gr","price":"3,10 €","pricePerUnit":"(9,69 €/Kg.)","imgUrl":"https://s0.dia.es/medias/h4a/h33/8834424569886.png"},{"title":"ROLER hamburguesa americana de vacuno XXL bandeja 400 gr","price":"3,99 €","pricePerUnit":"(9,98 €/Kg.)","imgUrl":"https://s2.dia.es/medias/hc9/hf3/9507674030110.jpg"},{"title":"ROLER hamburguesa de vacuno novillo angus 150 gr","price":"1,95 €","pricePerUnit":"(13,00 €/Kg.)","imgUrl":"https://s3.dia.es/medias/h94/ha8/9507673702430.jpg"},{"title":"ROLER hamburguesas de cerdo y vacuno bandeja 6 uds 540 gr","price":"3,15 €","pricePerUnit":"(5,83 €/Kg.)","imgUrl":"https://s2.dia.es/medias/ha1/hbf/9652556824606.jpg"},{"title":"ROLER hamburguesas de vacuno bandeja 6 uds 540 gr","price":"3,39 €","pricePerUnit":"(6,28 €/Kg.)","imgUrl":"https://s3.dia.es/medias/hea/hdf/9652606697502.jpg"},{"title":"ROLER pincho rojo de cerdo bandeja 272 gr","price":"1,99 €","pricePerUnit":"(7,32 €/Kg.)","imgUrl":"https://s0.dia.es/medias/h26/hbe/8832827457566.png"},{"title":"ROLER preparado de carne picada de cerdo y vacuno bandeja 400 gr","price":"2,45 €","pricePerUnit":"(6,13 €/Kg.)","imgUrl":"https://s0.dia.es/medias/h51/haf/9621626388510.jpg"},{"title":"ROLER preparado de carne picada de vacuno bandeja 400 gr","price":"2,55 €","pricePerUnit":"(6,38 €/Kg.)","imgUrl":"https://s3.dia.es/medias/h14/h12/9621632286750.jpg"},{"title":"ROLER solomillo de cadera bandeja 230 gr","price":"4,65 €","pricePerUnit":"(20,22 €/Kg.)","imgUrl":"https://s1.dia.es/medias/he1/h36/8834448687134.png"},{"title":"SANDELI san jacobo de pollo y pavo 340g","price":"1,37 €","pricePerUnit":"(4,03 €/Kg.)","imgUrl":"https://s1.dia.es/medias/h36/h02/9484589006878.jpg"},{"title":"Secreto de cerdo (peso aprox. 800 gr)","price":"4,39 €","pricePerUnit":"(5,49 €/Kg.)","imgUrl":"https://s2.dia.es/medias/h1c/h64/8834101411870.png"},{"title":"SERRANO fiambre de magro envase 240 gr","price":"1,59 €","pricePerUnit":"(6,63 €/Kg.)","imgUrl":"https://s2.dia.es/medias/hc2/h6b/8825932677150.png"},{"title":"SERRANO hamburguesas de pavo y pollo bandeja 320 gr","price":"2,30 €","pricePerUnit":"(7,19 €/Kg.)","imgUrl":"https://s1.dia.es/medias/heb/h7c/9021888790558.jpg"},{"title":"SERRANO lomo de pavo bandeja 450 gr","price":"2,95 €","pricePerUnit":"(6,56 €/Kg.)","imgUrl":"https://s1.dia.es/medias/hde/hcf/9520275587102.jpg"},{"title":"SERRANO longaniza de pavo y pollo 320 gr","price":"2,10 €","pricePerUnit":"(6,56 €/Kg.)","imgUrl":"https://s0.dia.es/medias/h76/hc7/9021871095838.jpg"},{"title":"SERRANO pechuga de pavo adobada bandeja 240 gr","price":"2,00 €","pricePerUnit":"(8,33 €/Kg.)","imgUrl":"https://s0.dia.es/medias/h51/h94/9520155328542.jpg"},{"title":"SERRANO preparado de carne picada de pavo y pollo bandeja 300 gr","price":"1,80 €","pricePerUnit":"(6,00 €/Kg.)","imgUrl":"https://s2.dia.es/medias/h9d/h8d/9502050222110.jpg"},{"title":"Solomillo de cerdo (peso aprox. 700 gr)","price":"5,50 €","pricePerUnit":"(7,85 €/Kg.)","imgUrl":"https://s2.dia.es/medias/hb1/h4d/8835353608222.png"},{"title":"Solomillo de pavo marinado (peso aprox. 500 gr)","price":"3,13 €","pricePerUnit":"(6,25 €/Kg.)","imgUrl":"https://s0.dia.es/medias/hd8/h70/8819088850974.png"},{"title":"Solomillos de pollo bandeja 350 gr","price":"2,60 €","pricePerUnit":"(7,43 €/Kg.)","imgUrl":"https://s0.dia.es/medias/h68/h0c/8835263103006.png"},{"title":"Tira de costilla de cerdo fresca (peso aprox. 1.5 Kg)","price":"7,43 €","pricePerUnit":"(4,95 €/Kg.)","imgUrl":"https://s1.dia.es/medias/h39/hc8/8833029537822.png"},{"title":"VALLINA compango asturiano bandeja 250 gr","price":"2,15 €","pricePerUnit":"(8,60 €/Kg.)","imgUrl":"https://s0.dia.es/medias/h60/h1a/8834074148894.png"}]}},"pescado-y-marisco":{"name":"Pescadoymarisco","productTypes":["pescado-fresco-azul","pescado-fresco-blanco","calamar-pulpo-y-sepia","marisco-fresco","surimi-gulas-y-derivados","ahumados-salazones-y-marinados","especialidades","pescado-al-corte"],"pescado-fresco-azul":{"categoryUrl":"/compra-online/productos/frescos/pescado-y-marisco/pescado-fresco-azul/c/WEB.001.002.00017","products":[{"title":"Filete de salmón (peso aprox. 370 gr)","price":"6,60 €","pricePerUnit":"(17,85 €/Kg.)","imgUrl":"https://s2.dia.es/medias/h66/h19/9065145794590.jpg"},{"title":"Rodaja de pez espada (peso aprox. 315 gr)","price":"4,55 €","pricePerUnit":"(14,45 €/Kg.)","imgUrl":"https://s3.dia.es/medias/h60/hdf/8833290829854.png"},{"title":"Salmón rodaja bandeja 2 uds (peso aprox. 400 gr)","price":"6,38 €","pricePerUnit":"(15,95 €/Kg.)","imgUrl":"https://s0.dia.es/medias/hd2/hd0/9065146253342.jpg"}]},"pescado-fresco-blanco":{"categoryUrl":"/compra-online/productos/frescos/pescado-y-marisco/pescado-fresco-blanco/c/WEB.001.002.00018","products":[{"title":"Filete de merluza bandeja (peso aprox. 500 gr)","price":"5,73 €","pricePerUnit":"(11,45 €/Kg.)","imgUrl":"https://s3.dia.es/medias/h95/h32/8990614814750.jpg"}]},"calamar-pulpo-y-sepia":{"categoryUrl":"/compra-online/productos/frescos/pescado-y-marisco/calamar-pulpo-y-sepia/c/WEB.001.002.00015","products":[{"title":"EMBUMAR pulpo cocido en su jugo envase 500 gr","price":"13,50 €","pricePerUnit":"(27,00 €/Kg.)","imgUrl":"https://s3.dia.es/medias/h01/h32/9104456810526.jpg"},{"title":"TERRANOVA medio pulpo cocido (peso aprox. 455 gr)","price":"12,72 €","pricePerUnit":"(27,95 €/Kg.)","imgUrl":"https://s1.dia.es/medias/hdc/h7e/8835287220254.png"}]},"marisco-fresco":{"categoryUrl":"/compra-online/productos/frescos/pescado-y-marisco/marisco-fresco/c/WEB.001.002.00016","products":[{"title":"AGUINAMAR colas de langostino al ajillo envase 105 gr","price":"2,50 €","pricePerUnit":"(23,81 €/Kg.)","imgUrl":"https://s0.dia.es/medias/h50/h7c/9631888900126.jpg"},{"title":"AGUINAMAR pintxo a la donostierra envase 150 gr","price":"2,95 €","pricePerUnit":"(14,75 €/Kg.)","imgUrl":"https://s0.dia.es/medias/h95/h36/9631861866526.jpg"},{"title":"AGUINAMAR salpicón de marisco bandeja 225 gr","price":"3,99 €","pricePerUnit":"(17,73 €/Kg.)","imgUrl":"https://s3.dia.es/medias/h06/hee/9631922159646.jpg"},{"title":"Anchodinas envase 50 gr","price":"1,45 €","pricePerUnit":"(29,00 €/Kg.)","imgUrl":"https://s3.dia.es/medias/h92/h01/8862910644254.jpg"},{"title":"CLAROS boquerones en vinagre envase 110g","price":"3,04 €","pricePerUnit":"(27,64 €/Kg.)","imgUrl":"https://s2.dia.es/medias/h8b/h89/8834834759710.png"},{"title":"DIA boquerones en vinagre envase 150g","price":"3,85 €","pricePerUnit":"(25,67 €/Kg.)","imgUrl":"https://s3.dia.es/medias/h33/h80/9570185216030.jpg"},{"title":"DIA DELICIOUS mojama de atún 80 gr","price":"2,90 €","pricePerUnit":"(36,25 €/Kg.)","imgUrl":"https://s1.dia.es/medias/he8/hd1/8984000626718.jpg"},{"title":"DIA DELICIOUS salmón ahumado envase 100 gr","price":"3,89 €","pricePerUnit":"(38,90 €/Kg.)","imgUrl":"https://s2.dia.es/medias/he6/hb7/9148229845022.jpg"},{"title":"DIA DELICIOUS trucha ahumada envase 100 gr","price":"2,99 €","pricePerUnit":"(29,90 €/Kg.)","imgUrl":"https://s0.dia.es/medias/hb8/h03/9524459110430.jpg"},{"title":"DIA migas de bacalao envase 300 gr","price":"4,40 €","pricePerUnit":"(14,67 €/Kg.)","imgUrl":"https://s2.dia.es/medias/h5c/h01/9565866426398.jpg"},{"title":"DIA palitos de surimi paquete 300 gr","price":"1,85 €","pricePerUnit":"(6,17 €/Kg.)","imgUrl":"https://s3.dia.es/medias/h07/h10/9074739904542.jpg"},{"title":"DIA salmón ahumado noruego sobre 200 gr","price":"5,40 €","pricePerUnit":"(27,00 €/Kg.)","imgUrl":"https://s2.dia.es/medias/h7e/h34/8822304243742.png"},{"title":"EMBUMAR huevas cocidas de merluza 120 gr","price":"1,40 €","pricePerUnit":"(11,67 €/Kg.)","imgUrl":"https://s1.dia.es/medias/ha3/ha1/9522577145886.jpg"},{"title":"EMBUMAR pulpo cocido en su jugo envase 500 gr","price":"13,50 €","pricePerUnit":"(27,00 €/Kg.)","imgUrl":"https://s3.dia.es/medias/h01/h32/9104456810526.jpg"},{"title":"Filete de merluza bandeja (peso aprox. 500 gr)","price":"5,73 €","pricePerUnit":"(11,45 €/Kg.)","imgUrl":"https://s3.dia.es/medias/h95/h32/8990614814750.jpg"},{"title":"Filete de salmón (peso aprox. 370 gr)","price":"6,60 €","pricePerUnit":"(17,85 €/Kg.)","imgUrl":"https://s2.dia.es/medias/h66/h19/9065145794590.jpg"},{"title":"KRISSIA palitos de cangrejo envase 400 gr","price":"4,95 €","pricePerUnit":"(12,38 €/Kg.)","imgUrl":"https://s1.dia.es/medias/haa/h6a/9631921831966.jpg"},{"title":"KRISSIA surimi fresco rallado envase 125 g","price":"1,89 €","pricePerUnit":"(15,12 €/Kg.)","imgUrl":"https://s0.dia.es/medias/h70/had/9631931334686.jpg"},{"title":"LA GULA DEL NORTE fresca al ajillo envase 125 g","price":"3,15 €","pricePerUnit":"(25,20 €/Kg.)","imgUrl":"https://s3.dia.es/medias/h91/he2/9631882117150.jpg"},{"title":"LA GULA DEL NORTE fresca estuche 200 g","price":"5,75 €","pricePerUnit":"(26,14 €/Kg.)","imgUrl":"https://s3.dia.es/medias/h7e/hec/9640378859550.jpg"},{"title":"LA GULA DEL NORTE fresca salteada al ajillo con gambas envase 125 gr","price":"3,15 €","pricePerUnit":"(25,20 €/Kg.)","imgUrl":"https://s1.dia.es/medias/h15/h76/9631888244766.jpg"},{"title":"Mejillones cocidos bolsa 1 kg","price":"3,95 €","pricePerUnit":"(3,95 €/Kg.)","imgUrl":"https://s1.dia.es/medias/h46/h15/9631893159966.jpg"},{"title":"PESCANOVA anguriñas bandeja 200 gr","price":"2,10 €","pricePerUnit":"(10,50 €/Kg.)","imgUrl":"https://s2.dia.es/medias/h88/ha0/9191706329118.jpg"},{"title":"RICARDO FUENTES E HIJOS sardinas saladas envase 250 gr","price":"2,10 €","pricePerUnit":"(9,77 €/Kg.)","imgUrl":"https://s1.dia.es/medias/hae/h9a/8835310878750.png"},{"title":"RICARDO FUENTES mojama de atún tarrina 50 gr","price":"1,89 €","pricePerUnit":"(37,80 €/Kg.)","imgUrl":"https://s3.dia.es/medias/hd2/h29/8831058804766.png"},{"title":"Rodaja de pez espada (peso aprox. 315 gr)","price":"4,55 €","pricePerUnit":"(14,45 €/Kg.)","imgUrl":"https://s3.dia.es/medias/h60/hdf/8833290829854.png"},{"title":"ROYAL bacalao ahumado con aceite de oliva envase 110 gr","price":"3,95 €","pricePerUnit":"(35,91 €/Kg.)","imgUrl":"https://s0.dia.es/medias/h1e/hcd/8997899010078.jpg"},{"title":"ROYAL bacalao desalado desmigado envase 180 gr","price":"3,65 €","pricePerUnit":"(20,28 €/Kg.)","imgUrl":"https://s0.dia.es/medias/h6f/hae/9095118389278.jpg"},{"title":"ROYAL bacalao desmigado envase 180 gr","price":"3,77 €","pricePerUnit":"(20,94 €/Kg.)","imgUrl":"https://s1.dia.es/medias/h42/h33/8834513240094.png"},{"title":"ROYAL huevas de islandia de lumpus y capelan tarro 50 gr","price":"1,89 €","pricePerUnit":"(37,80 €/Kg.)","imgUrl":"https://s2.dia.es/medias/hd9/h79/8996822974494.jpg"},{"title":"ROYAL langostinos cocidos y pelados tarrina 280 gr","price":"3,99 €","pricePerUnit":"(14,25 €/Kg.)","imgUrl":"https://s3.dia.es/medias/hf2/h7a/8874572775454.jpg"},{"title":"ROYAL lomo de salmón ahumado sobre 100 gr","price":"5,65 €","pricePerUnit":"(56,50 €/Kg.)","imgUrl":"https://s1.dia.es/medias/h4e/h81/9394935398430.jpg"},{"title":"ROYAL salmón ahumado con aceite envase 110 gr","price":"3,59 €","pricePerUnit":"(32,64 €/Kg.)","imgUrl":"https://s1.dia.es/medias/he9/h53/8864455950366.jpg"},{"title":"ROYAL salmón ahumado envase 80 gr","price":"4,45 €","pricePerUnit":"(55,63 €/Kg.)","imgUrl":"https://s0.dia.es/medias/hb0/h14/9322157047838.jpg"},{"title":"ROYAL salmón ahumado marinado sobre 80 gr","price":"4,95 €","pricePerUnit":"(61,88 €/Kg.)","imgUrl":"https://s0.dia.es/medias/h75/h0b/9326304690206.jpg"},{"title":"ROYAL solomillos de salmón ahumado envase 50 gr","price":"3,55 €","pricePerUnit":"(71,00 €/Kg.)","imgUrl":"https://s0.dia.es/medias/hbb/hb2/9619005112350.jpg"},{"title":"Salmón rodaja bandeja 2 uds (peso aprox. 400 gr)","price":"6,38 €","pricePerUnit":"(15,95 €/Kg.)","imgUrl":"https://s0.dia.es/medias/hd2/hd0/9065146253342.jpg"},{"title":"SANTA TERESA pastel de cabracho 170 gr","price":"3,50 €","pricePerUnit":"(20,59 €/Kg.)","imgUrl":"https://s1.dia.es/medias/hb3/h91/8863021334558.jpg"},{"title":"TERRANOVA medio pulpo cocido (peso aprox. 455 gr)","price":"12,72 €","pricePerUnit":"(27,95 €/Kg.)","imgUrl":"https://s1.dia.es/medias/hdc/h7e/8835287220254.png"}]},"surimi-gulas-y-derivados":{"categoryUrl":"/compra-online/productos/frescos/pescado-y-marisco/surimi-gulas-y-derivados/c/WEB.001.002.00019","products":[{"title":"DIA palitos de surimi paquete 300 gr","price":"1,85 €","pricePerUnit":"(6,17 €/Kg.)","imgUrl":"https://s3.dia.es/medias/h07/h10/9074739904542.jpg"},{"title":"KRISSIA palitos de cangrejo envase 400 gr","price":"4,95 €","pricePerUnit":"(12,38 €/Kg.)","imgUrl":"https://s1.dia.es/medias/haa/h6a/9631921831966.jpg"},{"title":"KRISSIA surimi fresco rallado envase 125 g","price":"1,89 €","pricePerUnit":"(15,12 €/Kg.)","imgUrl":"https://s0.dia.es/medias/h70/had/9631931334686.jpg"},{"title":"LA GULA DEL NORTE fresca al ajillo envase 125 g","price":"3,15 €","pricePerUnit":"(25,20 €/Kg.)","imgUrl":"https://s3.dia.es/medias/h91/he2/9631882117150.jpg"},{"title":"LA GULA DEL NORTE fresca estuche 200 g","price":"5,75 €","pricePerUnit":"(26,14 €/Kg.)","imgUrl":"https://s3.dia.es/medias/h7e/hec/9640378859550.jpg"},{"title":"LA GULA DEL NORTE fresca salteada al ajillo con gambas envase 125 gr","price":"3,15 €","pricePerUnit":"(25,20 €/Kg.)","imgUrl":"https://s1.dia.es/medias/h15/h76/9631888244766.jpg"},{"title":"PESCANOVA anguriñas bandeja 200 gr","price":"2,10 €","pricePerUnit":"(10,50 €/Kg.)","imgUrl":"https://s2.dia.es/medias/h88/ha0/9191706329118.jpg"}]},"ahumados-salazones-y-marinados":{"categoryUrl":"/compra-online/productos/frescos/pescado-y-marisco/ahumados-salazones-y-marinados/c/WEB.001.002.00047","products":[{"title":"Anchodinas envase 50 gr","price":"1,45 €","pricePerUnit":"(29,00 €/Kg.)","imgUrl":"https://s3.dia.es/medias/h92/h01/8862910644254.jpg"},{"title":"CLAROS boquerones en vinagre envase 110g","price":"3,04 €","pricePerUnit":"(27,64 €/Kg.)","imgUrl":"https://s2.dia.es/medias/h8b/h89/8834834759710.png"},{"title":"DIA boquerones en vinagre envase 150g","price":"3,85 €","pricePerUnit":"(25,67 €/Kg.)","imgUrl":"https://s3.dia.es/medias/h33/h80/9570185216030.jpg"},{"title":"DIA DELICIOUS salmón ahumado envase 100 gr","price":"3,89 €","pricePerUnit":"(38,90 €/Kg.)","imgUrl":"https://s2.dia.es/medias/he6/hb7/9148229845022.jpg"},{"title":"DIA DELICIOUS trucha ahumada envase 100 gr","price":"2,99 €","pricePerUnit":"(29,90 €/Kg.)","imgUrl":"https://s0.dia.es/medias/hb8/h03/9524459110430.jpg"},{"title":"DIA migas de bacalao envase 300 gr","price":"4,40 €","pricePerUnit":"(14,67 €/Kg.)","imgUrl":"https://s2.dia.es/medias/h5c/h01/9565866426398.jpg"},{"title":"DIA salmón ahumado noruego sobre 200 gr","price":"5,40 €","pricePerUnit":"(27,00 €/Kg.)","imgUrl":"https://s2.dia.es/medias/h7e/h34/8822304243742.png"},{"title":"RICARDO FUENTES E HIJOS sardinas saladas envase 250 gr","price":"2,10 €","pricePerUnit":"(9,77 €/Kg.)","imgUrl":"https://s1.dia.es/medias/hae/h9a/8835310878750.png"},{"title":"ROYAL bacalao ahumado con aceite de oliva envase 110 gr","price":"3,95 €","pricePerUnit":"(35,91 €/Kg.)","imgUrl":"https://s0.dia.es/medias/h1e/hcd/8997899010078.jpg"},{"title":"ROYAL bacalao desalado desmigado envase 180 gr","price":"3,65 €","pricePerUnit":"(20,28 €/Kg.)","imgUrl":"https://s0.dia.es/medias/h6f/hae/9095118389278.jpg"},{"title":"ROYAL bacalao desmigado envase 180 gr","price":"3,77 €","pricePerUnit":"(20,94 €/Kg.)","imgUrl":"https://s1.dia.es/medias/h42/h33/8834513240094.png"},{"title":"ROYAL lomo de salmón ahumado sobre 100 gr","price":"5,65 €","pricePerUnit":"(56,50 €/Kg.)","imgUrl":"https://s1.dia.es/medias/h4e/h81/9394935398430.jpg"},{"title":"ROYAL salmón ahumado con aceite envase 110 gr","price":"3,59 €","pricePerUnit":"(32,64 €/Kg.)","imgUrl":"https://s1.dia.es/medias/he9/h53/8864455950366.jpg"},{"title":"ROYAL salmón ahumado envase 80 gr","price":"4,45 €","pricePerUnit":"(55,63 €/Kg.)","imgUrl":"https://s0.dia.es/medias/hb0/h14/9322157047838.jpg"},{"title":"ROYAL salmón ahumado marinado sobre 80 gr","price":"4,95 €","pricePerUnit":"(61,88 €/Kg.)","imgUrl":"https://s0.dia.es/medias/h75/h0b/9326304690206.jpg"},{"title":"ROYAL solomillos de salmón ahumado envase 50 gr","price":"3,55 €","pricePerUnit":"(71,00 €/Kg.)","imgUrl":"https://s0.dia.es/medias/hbb/hb2/9619005112350.jpg"}]},"especialidades":{"categoryUrl":"/compra-online/productos/frescos/pescado-y-marisco/especialidades/c/WEB.001.002.00677","products":[{"title":"AGUINAMAR colas de langostino al ajillo envase 105 gr","price":"2,50 €","pricePerUnit":"(23,81 €/Kg.)","imgUrl":"https://s0.dia.es/medias/h50/h7c/9631888900126.jpg"},{"title":"AGUINAMAR pintxo a la donostierra envase 150 gr","price":"2,95 €","pricePerUnit":"(14,75 €/Kg.)","imgUrl":"https://s0.dia.es/medias/h95/h36/9631861866526.jpg"},{"title":"AGUINAMAR salpicón de marisco bandeja 225 gr","price":"3,99 €","pricePerUnit":"(17,73 €/Kg.)","imgUrl":"https://s3.dia.es/medias/h06/hee/9631922159646.jpg"},{"title":"DIA DELICIOUS mojama de atún 80 gr","price":"2,90 €","pricePerUnit":"(36,25 €/Kg.)","imgUrl":"https://s1.dia.es/medias/he8/hd1/8984000626718.jpg"},{"title":"EMBUMAR huevas cocidas de merluza 120 gr","price":"1,40 €","pricePerUnit":"(11,67 €/Kg.)","imgUrl":"https://s1.dia.es/medias/ha3/ha1/9522577145886.jpg"},{"title":"Mejillones cocidos bolsa 1 kg","price":"3,95 €","pricePerUnit":"(3,95 €/Kg.)","imgUrl":"https://s1.dia.es/medias/h46/h15/9631893159966.jpg"},{"title":"RICARDO FUENTES mojama de atún tarrina 50 gr","price":"1,89 €","pricePerUnit":"(37,80 €/Kg.)","imgUrl":"https://s3.dia.es/medias/hd2/h29/8831058804766.png"},{"title":"ROYAL huevas de islandia de lumpus y capelan tarro 50 gr","price":"1,89 €","pricePerUnit":"(37,80 €/Kg.)","imgUrl":"https://s2.dia.es/medias/hd9/h79/8996822974494.jpg"},{"title":"ROYAL langostinos cocidos y pelados tarrina 280 gr","price":"3,99 €","pricePerUnit":"(14,25 €/Kg.)","imgUrl":"https://s3.dia.es/medias/hf2/h7a/8874572775454.jpg"},{"title":"SANTA TERESA pastel de cabracho 170 gr","price":"3,50 €","pricePerUnit":"(20,59 €/Kg.)","imgUrl":"https://s1.dia.es/medias/hb3/h91/8863021334558.jpg"}]},"pescado-al-corte":{"categoryUrl":"/compra-online/productos/frescos/pescado-y-marisco/pescado-al-corte/c/WEB.001.002.00678","products":[{"title":"AGUINAMAR colas de langostino al ajillo envase 105 gr","price":"2,50 €","pricePerUnit":"(23,81 €/Kg.)","imgUrl":"https://s0.dia.es/medias/h50/h7c/9631888900126.jpg"},{"title":"AGUINAMAR pintxo a la donostierra envase 150 gr","price":"2,95 €","pricePerUnit":"(14,75 €/Kg.)","imgUrl":"https://s0.dia.es/medias/h95/h36/9631861866526.jpg"},{"title":"AGUINAMAR salpicón de marisco bandeja 225 gr","price":"3,99 €","pricePerUnit":"(17,73 €/Kg.)","imgUrl":"https://s3.dia.es/medias/h06/hee/9631922159646.jpg"},{"title":"Anchodinas envase 50 gr","price":"1,45 €","pricePerUnit":"(29,00 €/Kg.)","imgUrl":"https://s3.dia.es/medias/h92/h01/8862910644254.jpg"},{"title":"CLAROS boquerones en vinagre envase 110g","price":"3,04 €","pricePerUnit":"(27,64 €/Kg.)","imgUrl":"https://s2.dia.es/medias/h8b/h89/8834834759710.png"},{"title":"DIA boquerones en vinagre envase 150g","price":"3,85 €","pricePerUnit":"(25,67 €/Kg.)","imgUrl":"https://s3.dia.es/medias/h33/h80/9570185216030.jpg"},{"title":"DIA DELICIOUS mojama de atún 80 gr","price":"2,90 €","pricePerUnit":"(36,25 €/Kg.)","imgUrl":"https://s1.dia.es/medias/he8/hd1/8984000626718.jpg"},{"title":"DIA DELICIOUS salmón ahumado envase 100 gr","price":"3,89 €","pricePerUnit":"(38,90 €/Kg.)","imgUrl":"https://s2.dia.es/medias/he6/hb7/9148229845022.jpg"},{"title":"DIA DELICIOUS trucha ahumada envase 100 gr","price":"2,99 €","pricePerUnit":"(29,90 €/Kg.)","imgUrl":"https://s0.dia.es/medias/hb8/h03/9524459110430.jpg"},{"title":"DIA migas de bacalao envase 300 gr","price":"4,40 €","pricePerUnit":"(14,67 €/Kg.)","imgUrl":"https://s2.dia.es/medias/h5c/h01/9565866426398.jpg"},{"title":"DIA palitos de surimi paquete 300 gr","price":"1,85 €","pricePerUnit":"(6,17 €/Kg.)","imgUrl":"https://s3.dia.es/medias/h07/h10/9074739904542.jpg"},{"title":"DIA salmón ahumado noruego sobre 200 gr","price":"5,40 €","pricePerUnit":"(27,00 €/Kg.)","imgUrl":"https://s2.dia.es/medias/h7e/h34/8822304243742.png"},{"title":"EMBUMAR huevas cocidas de merluza 120 gr","price":"1,40 €","pricePerUnit":"(11,67 €/Kg.)","imgUrl":"https://s1.dia.es/medias/ha3/ha1/9522577145886.jpg"},{"title":"EMBUMAR pulpo cocido en su jugo envase 500 gr","price":"13,50 €","pricePerUnit":"(27,00 €/Kg.)","imgUrl":"https://s3.dia.es/medias/h01/h32/9104456810526.jpg"},{"title":"Filete de merluza bandeja (peso aprox. 500 gr)","price":"5,73 €","pricePerUnit":"(11,45 €/Kg.)","imgUrl":"https://s3.dia.es/medias/h95/h32/8990614814750.jpg"},{"title":"Filete de salmón (peso aprox. 370 gr)","price":"6,60 €","pricePerUnit":"(17,85 €/Kg.)","imgUrl":"https://s2.dia.es/medias/h66/h19/9065145794590.jpg"},{"title":"KRISSIA palitos de cangrejo envase 400 gr","price":"4,95 €","pricePerUnit":"(12,38 €/Kg.)","imgUrl":"https://s1.dia.es/medias/haa/h6a/9631921831966.jpg"},{"title":"KRISSIA surimi fresco rallado envase 125 g","price":"1,89 €","pricePerUnit":"(15,12 €/Kg.)","imgUrl":"https://s0.dia.es/medias/h70/had/9631931334686.jpg"},{"title":"LA GULA DEL NORTE fresca al ajillo envase 125 g","price":"3,15 €","pricePerUnit":"(25,20 €/Kg.)","imgUrl":"https://s3.dia.es/medias/h91/he2/9631882117150.jpg"},{"title":"LA GULA DEL NORTE fresca estuche 200 g","price":"5,75 €","pricePerUnit":"(26,14 €/Kg.)","imgUrl":"https://s3.dia.es/medias/h7e/hec/9640378859550.jpg"},{"title":"LA GULA DEL NORTE fresca salteada al ajillo con gambas envase 125 gr","price":"3,15 €","pricePerUnit":"(25,20 €/Kg.)","imgUrl":"https://s1.dia.es/medias/h15/h76/9631888244766.jpg"},{"title":"Mejillones cocidos bolsa 1 kg","price":"3,95 €","pricePerUnit":"(3,95 €/Kg.)","imgUrl":"https://s1.dia.es/medias/h46/h15/9631893159966.jpg"},{"title":"PESCANOVA anguriñas bandeja 200 gr","price":"2,10 €","pricePerUnit":"(10,50 €/Kg.)","imgUrl":"https://s2.dia.es/medias/h88/ha0/9191706329118.jpg"},{"title":"RICARDO FUENTES E HIJOS sardinas saladas envase 250 gr","price":"2,10 €","pricePerUnit":"(9,77 €/Kg.)","imgUrl":"https://s1.dia.es/medias/hae/h9a/8835310878750.png"},{"title":"RICARDO FUENTES mojama de atún tarrina 50 gr","price":"1,89 €","pricePerUnit":"(37,80 €/Kg.)","imgUrl":"https://s3.dia.es/medias/hd2/h29/8831058804766.png"},{"title":"Rodaja de pez espada (peso aprox. 315 gr)","price":"4,55 €","pricePerUnit":"(14,45 €/Kg.)","imgUrl":"https://s3.dia.es/medias/h60/hdf/8833290829854.png"},{"title":"ROYAL bacalao ahumado con aceite de oliva envase 110 gr","price":"3,95 €","pricePerUnit":"(35,91 €/Kg.)","imgUrl":"https://s0.dia.es/medias/h1e/hcd/8997899010078.jpg"},{"title":"ROYAL bacalao desalado desmigado envase 180 gr","price":"3,65 €","pricePerUnit":"(20,28 €/Kg.)","imgUrl":"https://s0.dia.es/medias/h6f/hae/9095118389278.jpg"},{"title":"ROYAL bacalao desmigado envase 180 gr","price":"3,77 €","pricePerUnit":"(20,94 €/Kg.)","imgUrl":"https://s1.dia.es/medias/h42/h33/8834513240094.png"},{"title":"ROYAL huevas de islandia de lumpus y capelan tarro 50 gr","price":"1,89 €","pricePerUnit":"(37,80 €/Kg.)","imgUrl":"https://s2.dia.es/medias/hd9/h79/8996822974494.jpg"},{"title":"ROYAL langostinos cocidos y pelados tarrina 280 gr","price":"3,99 €","pricePerUnit":"(14,25 €/Kg.)","imgUrl":"https://s3.dia.es/medias/hf2/h7a/8874572775454.jpg"},{"title":"ROYAL lomo de salmón ahumado sobre 100 gr","price":"5,65 €","pricePerUnit":"(56,50 €/Kg.)","imgUrl":"https://s1.dia.es/medias/h4e/h81/9394935398430.jpg"},{"title":"ROYAL salmón ahumado con aceite envase 110 gr","price":"3,59 €","pricePerUnit":"(32,64 €/Kg.)","imgUrl":"https://s1.dia.es/medias/he9/h53/8864455950366.jpg"},{"title":"ROYAL salmón ahumado envase 80 gr","price":"4,45 €","pricePerUnit":"(55,63 €/Kg.)","imgUrl":"https://s0.dia.es/medias/hb0/h14/9322157047838.jpg"},{"title":"ROYAL salmón ahumado marinado sobre 80 gr","price":"4,95 €","pricePerUnit":"(61,88 €/Kg.)","imgUrl":"https://s0.dia.es/medias/h75/h0b/9326304690206.jpg"},{"title":"ROYAL solomillos de salmón ahumado envase 50 gr","price":"3,55 €","pricePerUnit":"(71,00 €/Kg.)","imgUrl":"https://s0.dia.es/medias/hbb/hb2/9619005112350.jpg"},{"title":"Salmón rodaja bandeja 2 uds (peso aprox. 400 gr)","price":"6,38 €","pricePerUnit":"(15,95 €/Kg.)","imgUrl":"https://s0.dia.es/medias/hd2/hd0/9065146253342.jpg"},{"title":"SANTA TERESA pastel de cabracho 170 gr","price":"3,50 €","pricePerUnit":"(20,59 €/Kg.)","imgUrl":"https://s1.dia.es/medias/hb3/h91/8863021334558.jpg"},{"title":"TERRANOVA medio pulpo cocido (peso aprox. 455 gr)","price":"12,72 €","pricePerUnit":"(27,95 €/Kg.)","imgUrl":"https://s1.dia.es/medias/hdc/h7e/8835287220254.png"}]}},"fruta":{"name":"Fruta","productTypes":["citricos","manzana-y-pera","platano-y-banana","kiwi-pina-y-fruta-tropical","uva","fruta-de-temporada","otras-frutas"],"citricos":{"categoryUrl":"/compra-online/productos/frescos/fruta/citricos/c/WEB.001.003.00020","products":[{"title":"Limones malla 1 Kg","price":"1,39 €","pricePerUnit":"(1,39 €/Kg.)","imgUrl":"https://s2.dia.es/medias/hb4/h36/8846777548830.png"},{"title":"Limón unidad (200 gr aprox.)","price":"0,38 €","pricePerUnit":"(1,89 €/Kg.)","imgUrl":"https://s2.dia.es/medias/h69/hea/8833872232478.png"},{"title":"Naranja de zumo malla 4 Kg","price":"3,29 €","pricePerUnit":"(0,82 €/Kg.)","imgUrl":"https://s0.dia.es/medias/h8f/h98/8846922383390.png"},{"title":"Naranja torres unidad (250 gr aprox.)","price":"0,69 €","pricePerUnit":"(2,75 €/Kg.)","imgUrl":"https://s0.dia.es/medias/h5d/ha2/9515688558622.jpg"},{"title":"Naranja unidad (390 gr aprox.)","price":"0,46 €","pricePerUnit":"(1,19 €/Kg.)","imgUrl":"https://s1.dia.es/medias/hb7/hed/8834225274910.png"},{"title":"Pomelo unidad (300 gr aprox.)","price":"0,60 €","pricePerUnit":"(1,99 €/Kg.)","imgUrl":"https://s3.dia.es/medias/hd9/hc6/8834031616030.png"},{"title":"TORRES naranja bolsa 2 Kg","price":"3,19 €","pricePerUnit":"(1,60 €/Kg.)","imgUrl":"https://s2.dia.es/medias/hfc/had/8958668242974.png"}]},"manzana-y-pera":{"categoryUrl":"/compra-online/productos/frescos/fruta/manzana-y-pera/c/WEB.001.003.00021","products":[{"title":"Manzana fuji bandeja 4 uds","price":"3,49 €","pricePerUnit":"(4,36 €/Kg.)","imgUrl":"https://s2.dia.es/medias/h6b/h9b/9093437554718.jpg"},{"title":"Manzana golden  bolsa 2 Kg","price":"2,39 €","pricePerUnit":"(1,20 €/Kg.)","imgUrl":"https://s0.dia.es/medias/hed/h13/8847029927966.png"},{"title":"Manzana golden bandeja 4 uds","price":"3,19 €","pricePerUnit":"(3,99 €/Kg.)","imgUrl":"https://s1.dia.es/medias/ha8/h51/9093439520798.jpg"},{"title":"Manzana golden bio bandeja 4 uds (750 gr aprox.)","price":"1,64 €","pricePerUnit":"(2,19 €/Kg.)","imgUrl":"https://s2.dia.es/medias/h5f/h1f/9382677938206.jpg"},{"title":"Manzana golden extra unidad (280 gr aprox.)","price":"0,56 €","pricePerUnit":"(1,99 €/Kg.)","imgUrl":"https://s0.dia.es/medias/haf/ha1/8958772674590.png"},{"title":"Manzana golden unidad (240 gr aprox.)","price":"0,38 €","pricePerUnit":"(1,59 €/Kg.)","imgUrl":"https://s3.dia.es/medias/h9d/h08/8833873805342.png"},{"title":"Manzana granny unidad (240 gr aprox.)","price":"0,43 €","pricePerUnit":"(1,79 €/Kg.)","imgUrl":"https://s3.dia.es/medias/h4e/h03/8835501588510.png"},{"title":"Manzana royal gala bolsa 1,5 Kg","price":"1,99 €","pricePerUnit":"(1,33 €/Kg.)","imgUrl":"https://s2.dia.es/medias/h48/hfc/9165490618398.jpg"},{"title":"Manzana royal gala unidad (280 gr aprox.)","price":"0,45 €","pricePerUnit":"(1,59 €/Kg.)","imgUrl":"https://s3.dia.es/medias/hd1/hb0/8834957443102.png"},{"title":"Pera conferencia bandeja 4 piezas","price":"1,99 €","pricePerUnit":"(2,21 €/Kg.)","imgUrl":"https://s3.dia.es/medias/hb7/h88/9586352717854.jpg"},{"title":"Pera conferencia cesta 1 Kg","price":"1,29 €","pricePerUnit":"(1,29 €/Kg.)","imgUrl":"https://s3.dia.es/medias/hda/hb6/8846859403294.png"},{"title":"Pera conferencia unidad (280 gr aprox.)","price":"0,53 €","pricePerUnit":"(1,89 €/Kg.)","imgUrl":"https://s3.dia.es/medias/hb6/h7e/8955063402526.png"},{"title":"Pera limonera unidad (250 gr aprox.)","price":"0,50 €","pricePerUnit":"(1,99 €/Kg.)","imgUrl":"https://s3.dia.es/medias/h8b/h90/8835696263198.png"}]},"platano-y-banana":{"categoryUrl":"/compra-online/productos/frescos/fruta/platano-y-banana/c/WEB.001.003.00022","products":[{"title":"Banana unidad (200 gr aprox.)","price":"0,20 €","pricePerUnit":"(0,99 €/Kg.)","imgUrl":"https://s2.dia.es/medias/h03/hab/8834385707038.png"},{"title":"Plátano de Canarias bolsa (1,4 Kg aprox.)","price":"2,65 €","pricePerUnit":"(1,89 €/Kg.)","imgUrl":"https://s2.dia.es/medias/h69/hbe/8834983723038.png"},{"title":"Plátano ecológico bio bandeja (1.1 Kg aprox.)","price":"2,30 €","pricePerUnit":"(2,09 €/Kg.)","imgUrl":"https://s3.dia.es/medias/hbe/h22/9324936101918.jpg"},{"title":"Plátano línea sabor bandeja (1.1 kg aprox.)","price":"2,52 €","pricePerUnit":"(2,29 €/Kg.)","imgUrl":"https://s3.dia.es/medias/h5d/hf8/8835636658206.png"},{"title":"Plátano para freír unidad (380 gr aprox.)","price":"0,74 €","pricePerUnit":"(1,95 €/Kg.)","imgUrl":"https://s3.dia.es/medias/he5/hcb/8833657667614.png"}]},"kiwi-pina-y-fruta-tropical":{"categoryUrl":"/compra-online/productos/frescos/fruta/kiwi-pina-y-fruta-tropical/c/WEB.001.003.00025","products":[{"title":"Aguacate bandeja 3/4 piezas","price":"2,49 €","pricePerUnit":"(4,57 €/Kg.)","imgUrl":"https://s0.dia.es/medias/h85/ha0/9382681542686.jpg"},{"title":"Aguacate bio bandeja 400 gr","price":"2,69 €","pricePerUnit":"(6,73 €/Kg.)","imgUrl":"https://s3.dia.es/medias/hde/h65/9583742025758.jpg"},{"title":"Aguacate maduro bandeja 2 uds","price":"3,29 €","pricePerUnit":"(6,58 €/Kg.)","imgUrl":"https://s2.dia.es/medias/h75/he2/8834096693278.png"},{"title":"Aguacate unidad (380 gr aprox.)","price":"1,19 €","pricePerUnit":"(6,47 €/Kg.)","imgUrl":"https://s3.dia.es/medias/h49/haa/9382671056926.jpg"},{"title":"DEL MONTE piña (1.9 Kg aprox.)","price":"4,16 €","pricePerUnit":"(2,19 €/Kg.)","imgUrl":"https://s0.dia.es/medias/h59/h51/8955037515806.png"},{"title":"Kiwi cesta 1 Kg","price":"3,59 €","pricePerUnit":"(3,59 €/Kg.)","imgUrl":"https://s2.dia.es/medias/h23/h26/8846808481822.png"},{"title":"Kiwi gold bandeja 3/4 piezas","price":"2,99 €","pricePerUnit":"(6,64 €/Kg.)","imgUrl":"https://s2.dia.es/medias/hab/h4f/9583744647198.jpg"},{"title":"Kiwi unidad (200 gr aprox.)","price":"0,76 €","pricePerUnit":"(3,79 €/Kg.)","imgUrl":"https://s1.dia.es/medias/h01/h87/8833871708190.png"},{"title":"Kiwis zespry bandeja 500 gr","price":"2,89 €","pricePerUnit":"(5,78 €/Kg.)","imgUrl":"https://s3.dia.es/medias/h6f/hae/8833907359774.png"},{"title":"Lima unidad (120 gr aprox)","price":"0,43 €","pricePerUnit":"(3,59 €/Kg.)","imgUrl":"https://s1.dia.es/medias/hcb/hfc/9382682525726.jpg"},{"title":"Mango bandeja 2ud","price":"3,69 €","pricePerUnit":"(4,10 €/Kg.)","imgUrl":"https://s3.dia.es/medias/hde/hc9/8819042025502.png"},{"title":"Mango unidad (600 gr aprox.)","price":"1,55 €","pricePerUnit":"(2,59 €/Kg.)","imgUrl":"https://s1.dia.es/medias/h36/hc6/8834342715422.png"},{"title":"Papaya de primera unidad (1.6 Kg aprox.)","price":"5,90 €","pricePerUnit":"(3,69 €/Kg.)","imgUrl":"https://s0.dia.es/medias/hfd/h49/8945639391262.jpg"},{"title":"Piña natural pelada bandeja 400 gr","price":"1,99 €","pricePerUnit":"(4,42 €/Kg.)","imgUrl":"https://s2.dia.es/medias/hf9/hb9/8833719009310.png"},{"title":"Piña unidad (2.3 Kg aprox.)","price":"2,97 €","pricePerUnit":"(1,29 €/Kg.)","imgUrl":"https://s0.dia.es/medias/hb0/heb/8833677066270.png"}]},"uva":{"categoryUrl":"/compra-online/productos/frescos/fruta/uva/c/WEB.001.003.00023","products":[{"title":"Uva blanca sin semilla bandeja 500 gr","price":"2,49 €","pricePerUnit":"(4,98 €/Kg.)","imgUrl":"https://s2.dia.es/medias/hb4/h1c/8851485065246.png"}]},"fruta-de-temporada":{"categoryUrl":"/compra-online/productos/frescos/fruta/fruta-de-temporada/c/WEB.001.003.00026","products":[{"title":"Albaricoque unidad (50 gr aprox)","price":"0,12 €","pricePerUnit":"(2,39 €/Kg.)","imgUrl":"https://s3.dia.es/medias/h7a/h74/8835427008542.png"},{"title":"Cereza bandeja 1 Kg","price":"3,89 €","pricePerUnit":"(3,89 €/Kg.)","imgUrl":"https://s0.dia.es/medias/h35/hcd/8890247217182.png"},{"title":"Cereza bandeja 500 gr","price":"1,99 €","pricePerUnit":"(3,98 €/Kg.)","imgUrl":"https://s1.dia.es/medias/ha5/h85/8834689925150.png"},{"title":"Cereza caja (250 gr aprox.)","price":"1,25 €","pricePerUnit":"(4,99 €/Kg.)","imgUrl":"https://s0.dia.es/medias/h83/h9e/8833114996766.png"},{"title":"Ciruela roja unidad (135 gr aprox.)","price":"0,26 €","pricePerUnit":"(1,89 €/Kg.)","imgUrl":"https://s1.dia.es/medias/h57/h8d/8834262499358.png"},{"title":"Melocotón amarillo línea sabor unidad (200 gr aprox.)","price":"0,50 €","pricePerUnit":"(2,49 €/Kg.)","imgUrl":"https://s1.dia.es/medias/haa/h25/8834893479966.png"},{"title":"Melocotón amarillo unidad (200 gr aprox.)","price":"0,38 €","pricePerUnit":"(1,89 €/Kg.)","imgUrl":"https://s2.dia.es/medias/h04/h00/8835643998238.png"},{"title":"Melocotón rojo línea sabor unidad (165 gr aprox.)","price":"0,36 €","pricePerUnit":"(2,19 €/Kg.)","imgUrl":"https://s2.dia.es/medias/h97/h53/9124662247454.jpg"},{"title":"Melocotón rojo unidad (260 gr aprox.)","price":"0,47 €","pricePerUnit":"(1,79 €/Kg.)","imgUrl":"https://s0.dia.es/medias/h60/he9/8834684616734.png"},{"title":"Melón piel de sapo unidad (4.5 Kg. aprox.)","price":"3,56 €","pricePerUnit":"(0,79 €/Kg.)","imgUrl":"https://s3.dia.es/medias/hc2/h94/8833927807006.png"},{"title":"Melón selección unidad (4 Kg aprox.)","price":"7,16 €","pricePerUnit":"(1,79 €/Kg.)","imgUrl":"https://s3.dia.es/medias/h8b/h90/8958710775838.png"},{"title":"Mix de frutas cortadas tarrina 150 gr","price":"1,50 €","pricePerUnit":"(10,00 €/Kg.)","imgUrl":"https://s2.dia.es/medias/h19/h23/9550060519454.jpg"},{"title":"Nectarina unidad (260 gr aprox.)","price":"0,26 €","pricePerUnit":"(0,99 €/Kg.)","imgUrl":"https://s1.dia.es/medias/h5a/h14/8835055681566.png"},{"title":"Paraguaya unidad (140 gr aprox.)","price":"0,18 €","pricePerUnit":"(1,29 €/Kg.)","imgUrl":"https://s1.dia.es/medias/he7/hd8/8834206924830.png"},{"title":"Sandía negra unidad (10 Kg aprox.)","price":"4,50 €","pricePerUnit":"(0,45 €/Kg.)","imgUrl":"https://s2.dia.es/medias/h91/hd8/8834393112606.png"},{"title":"Sandía rayada unidad (7.1 Kg aprox.)","price":"4,90 €","pricePerUnit":"(0,69 €/Kg.)","imgUrl":"https://s1.dia.es/medias/he8/h00/8834274557982.png"}]},"otras-frutas":{"categoryUrl":"/compra-online/productos/frescos/fruta/otras-frutas/c/WEB.001.003.00027","products":[{"title":"Arándanos tarrina 125 gr","price":"1,89 €","pricePerUnit":"(15,12 €/Kg.)","imgUrl":"https://s3.dia.es/medias/h8a/hd9/9297517084702.jpg"},{"title":"Frambuesas tarrina 125 gr","price":"1,79 €","pricePerUnit":"(14,32 €/Kg.)","imgUrl":"https://s0.dia.es/medias/h7c/h8b/9297513480222.jpg"},{"title":"Moras tarrina 125 gr","price":"2,49 €","pricePerUnit":"(19,92 €/Kg.)","imgUrl":"https://s3.dia.es/medias/h62/h07/9136756588574.jpg"}]}},"verdura-y-hortalizas":{"name":"Verdurayhortalizas","productTypes":["acelgas-y-espinacas","ajo-cebolla-y-puerro","algas","brocoli-coliflor-y-alcachofa","calabaza-y-calabacin","champinones-y-setas","esparragos","judias-verdes-habas-y-guisantes","lechuga-y-endibias","patatas-y-boniatos","pepino","pimiento","tomates","zanahorias-y-otras-raices","hierbas-aromaticas","preparadas-y-cocinadas","ensaladas-para-consumir","otras-verduras"],"acelgas-y-espinacas":{"categoryUrl":"/compra-online/productos/frescos/verdura-y-hortalizas/acelgas-y-espinacas/c/WEB.001.004.00028","products":[{"title":"DIA acelga bolsa 300 gr","price":"0,99 €","pricePerUnit":"(3,30 €/Kg.)","imgUrl":"https://s2.dia.es/medias/h0d/h55/9084470853662.jpg"},{"title":"FLORETTE espinacas bolsa 125 gr","price":"1,45 €","pricePerUnit":"(11,60 €/Kg.)","imgUrl":"https://s2.dia.es/medias/hd5/h34/9595902230558.jpg"}]},"ajo-cebolla-y-puerro":{"categoryUrl":"/compra-online/productos/frescos/verdura-y-hortalizas/ajo-cebolla-y-puerro/c/WEB.001.004.00029","products":[{"title":"Ajetes tiernos bandeja 200 gr","price":"1,29 €","pricePerUnit":"(10,75 €/Kg.)","imgUrl":"https://s3.dia.es/medias/hd9/hee/8834349006878.png"},{"title":"Ajo morado malla 250 gr","price":"1,19 €","pricePerUnit":"(4,76 €/Kg.)","imgUrl":"https://s3.dia.es/medias/h87/hbe/8833180729374.png"},{"title":"Ajo morado malla 500 gr","price":"2,09 €","pricePerUnit":"(4,18 €/Kg.)","imgUrl":"https://s0.dia.es/medias/h38/he3/8834983198750.png"},{"title":"Ajo morado unidad (90 gr aprox.)","price":"0,45 €","pricePerUnit":"(4,99 €/Kg.)","imgUrl":"https://s3.dia.es/medias/hcd/h45/8835337224222.png"},{"title":"Cebolla buti 1 Kg","price":"1,30 €","pricePerUnit":"(1,30 €/Kg.)","imgUrl":"https://s1.dia.es/medias/h07/h1e/8846777024542.png"},{"title":"Cebolla línea sabor 500 gr","price":"1,39 €","pricePerUnit":"(2,78 €/Kg.)","imgUrl":"https://s1.dia.es/medias/h6a/hf8/9532591243294.jpg"},{"title":"Cebolla malla 2 Kg","price":"1,89 €","pricePerUnit":"(0,95 €/Kg.)","imgUrl":"https://s3.dia.es/medias/h2a/hd4/8847033073694.png"},{"title":"Cebolla morada malla 500 gr","price":"1,09 €","pricePerUnit":"(2,18 €/Kg.)","imgUrl":"https://s1.dia.es/medias/hae/h98/8833969750046.png"},{"title":"Cebollita francesa malla 500 gr","price":"1,09 €","pricePerUnit":"(2,18 €/Kg.)","imgUrl":"https://s0.dia.es/medias/hfc/h84/8832841613342.png"},{"title":"FUENTES cebolla dulce unidad (430 gr aprox.)","price":"0,86 €","pricePerUnit":"(1,99 €/Kg.)","imgUrl":"https://s1.dia.es/medias/he2/h95/8833305509918.png"},{"title":"Puerro bandeja 450 gr","price":"1,75 €","pricePerUnit":"(3,89 €/Kg.)","imgUrl":"https://s2.dia.es/medias/h8e/h14/8833905262622.png"},{"title":"Puerro manojo 500 gr","price":"1,59 €","pricePerUnit":"(1,59 €/ud.)","imgUrl":"https://s0.dia.es/medias/hfe/h44/9093443125278.jpg"}]},"algas":{"categoryUrl":"/compra-online/productos/frescos/verdura-y-hortalizas/algas/c/WEB.001.004.00030","products":[{"title":"TREVIJANO alga wakame 100% natural bandeja 50 gr","price":"1,79 €","pricePerUnit":"(35,80 €/Kg.)","imgUrl":"https://s3.dia.es/medias/hcb/h3f/9642398449694.jpg"}]},"brocoli-coliflor-y-alcachofa":{"categoryUrl":"/compra-online/productos/frescos/verdura-y-hortalizas/brocoli-coliflor-y-alcachofa/c/WEB.001.004.00031","products":[{"title":"Brócoli pieza 500 gr","price":"1,09 €","pricePerUnit":"(2,18 €/Kg.)","imgUrl":"https://s1.dia.es/medias/h06/h62/8834636251166.png"},{"title":"Coliflor pieza 1 ud","price":"1,89 €","pricePerUnit":"(1,89 €/ud.)","imgUrl":"https://s1.dia.es/medias/ha7/h82/8833897922590.png"},{"title":"Lombarda unidad (2.5 Kg aprox.)","price":"2,97 €","pricePerUnit":"(1,19 €/Kg.)","imgUrl":"https://s1.dia.es/medias/h7a/h22/8833265139742.png"},{"title":"Repollo liso unidad (2.4 Kg aprox.)","price":"2,40 €","pricePerUnit":"(1,00 €/Kg.)","imgUrl":"https://s1.dia.es/medias/h52/h5a/8833994915870.png"}]},"calabaza-y-calabacin":{"categoryUrl":"/compra-online/productos/frescos/verdura-y-hortalizas/calabaza-y-calabacin/c/WEB.001.004.00032","products":[{"title":"Calabacín unidad (650 gr aprox.)","price":"0,75 €","pricePerUnit":"(1,15 €/Kg.)","imgUrl":"https://s2.dia.es/medias/h09/h90/8833139114014.png"},{"title":"Calabaza (1. 9 Kg aprox.)","price":"2,26 €","pricePerUnit":"(1,19 €/Kg.)","imgUrl":"https://s3.dia.es/medias/h02/h2c/8835504799774.png"},{"title":"Calabaza dados al vacío 400 gr","price":"1,30 €","pricePerUnit":"(3,25 €/Kg.)"}]},"champinones-y-setas":{"categoryUrl":"/compra-online/productos/frescos/verdura-y-hortalizas/champinones-y-setas/c/WEB.001.004.00033","products":[{"title":"Champiñones bandeja 250 gr","price":"1,29 €","pricePerUnit":"(5,16 €/Kg.)","imgUrl":"https://s3.dia.es/medias/h3f/hf8/9382682198046.jpg"},{"title":"Champiñón laminado bandeja 250 gr","price":"1,25 €","pricePerUnit":"(5,00 €/Kg.)","imgUrl":"https://s0.dia.es/medias/ha3/ha8/8833925709854.png"},{"title":"Champiñón pie de tierra bandeja 300 gr","price":"1,00 €","pricePerUnit":"(3,33 €/Kg.)","imgUrl":"https://s1.dia.es/medias/h18/h67/8833524367390.png"},{"title":"Mix de setas bandeja 150 g","price":"1,99 €","pricePerUnit":"(13,27 €/Kg.)","imgUrl":"https://s1.dia.es/medias/h98/h61/9382678593566.jpg"},{"title":"Setas cultivadas bandeja 400 gr","price":"1,99 €","pricePerUnit":"(4,98 €/Kg.)","imgUrl":"https://s3.dia.es/medias/h32/hf0/8835091398686.png"},{"title":"Setas laminadas bandeja 200 gr","price":"1,00 €","pricePerUnit":"(5,00 €/Kg.)","imgUrl":"https://s1.dia.es/medias/h51/h23/9382669746206.jpg"},{"title":"TREVIJANO boletus deshidratado bandeja 40 gr","price":"4,49 €","pricePerUnit":"(112,25 €/Kg.)","imgUrl":"https://s1.dia.es/medias/h6c/hc6/9642362404894.jpg"}]},"esparragos":{"categoryUrl":"/compra-online/productos/frescos/verdura-y-hortalizas/esparragos/c/WEB.001.004.00034","products":[{"title":"Espárrago verde 250 g","price":"1,99 €","pricePerUnit":"(7,96 €/Kg.)","imgUrl":"https://s2.dia.es/medias/h16/hf1/8817749917726.png"}]},"judias-verdes-habas-y-guisantes":{"categoryUrl":"/compra-online/productos/frescos/verdura-y-hortalizas/judias-verdes-habas-y-guisantes/c/WEB.001.004.00036","products":[{"title":"Judía verde extra bandeja 400 gr","price":"1,99 €","pricePerUnit":"(4,98 €/Kg.)","imgUrl":"https://s2.dia.es/medias/h49/h66/8835562078238.png"},{"title":"Judía verde malla 500 gr","price":"1,19 €","pricePerUnit":"(2,38 €/Kg.)","imgUrl":"https://s1.dia.es/medias/h30/h17/8833894252574.png"}]},"lechuga-y-endibias":{"categoryUrl":"/compra-online/productos/frescos/verdura-y-hortalizas/lechuga-y-endibias/c/WEB.001.004.00038","products":[{"title":"Cogollos bandeja 3 uds","price":"0,99 €","pricePerUnit":"(0,33 €/ud.)","imgUrl":"https://s1.dia.es/medias/h47/h2d/8832810680350.png"},{"title":"Corazones de cogollos 6 uds","price":"1,75 €","pricePerUnit":"(0,29 €/ud.)","imgUrl":"https://s0.dia.es/medias/hae/h9f/8832845283358.png"},{"title":"Corazones de lechuga romana bandeja 2 uds","price":"1,19 €","pricePerUnit":"(0,60 €/ud.)","imgUrl":"https://s0.dia.es/medias/hc3/h91/8835073507358.png"},{"title":"Endivias bandeja 350 gr","price":"0,99 €","pricePerUnit":"(2,83 €/Kg.)","imgUrl":"https://s2.dia.es/medias/ha8/h97/9382683181086.jpg"},{"title":"Escarola ud","price":"1,49 €","pricePerUnit":"(1,49 €/ud.)","imgUrl":"https://s3.dia.es/medias/hf6/h31/8834270363678.png"},{"title":"Lechuga iceberg pieza 1 ud","price":"0,79 €","pricePerUnit":"(0,79 €/ud.)","imgUrl":"https://s0.dia.es/medias/h93/h3e/8835354132510.png"}]},"patatas-y-boniatos":{"categoryUrl":"/compra-online/productos/frescos/verdura-y-hortalizas/patatas-y-boniatos/c/WEB.001.004.00039","products":[{"title":"Patata especial freír malla 3 kg","price":"3,95 €","pricePerUnit":"(1,32 €/Kg.)","imgUrl":"https://s1.dia.es/medias/h2c/h38/8847039365150.png"},{"title":"Patata lavada malla 3 Kg","price":"3,89 €","pricePerUnit":"(1,30 €/Kg.)","imgUrl":"https://s2.dia.es/medias/h2c/ha0/9382673678366.jpg"},{"title":"Patata lavada malla 5 Kg","price":"3,59 €","pricePerUnit":"(0,72 €/Kg.)","imgUrl":"https://s2.dia.es/medias/hc9/hc1/8846922907678.png"},{"title":"Patata unidad (550 gr aprox.)","price":"0,80 €","pricePerUnit":"(1,45 €/Kg.)","imgUrl":"https://s2.dia.es/medias/h7f/h93/8846921859102.png"},{"title":"Patatas línea sabor malla 1.5 Kg","price":"2,39 €","pricePerUnit":"(1,59 €/Kg.)","imgUrl":"https://s2.dia.es/medias/hfb/h73/9030044254238.jpg"}]},"pepino":{"categoryUrl":"/compra-online/productos/frescos/verdura-y-hortalizas/pepino/c/WEB.001.004.00040","products":[{"title":"Pepino español unidad (260 gr aprox.)","price":"0,28 €","pricePerUnit":"(1,09 €/Kg.)","imgUrl":"https://s2.dia.es/medias/h57/hb2/8834960654366.png"},{"title":"Pepino holandés pieza 325 gr","price":"0,65 €","pricePerUnit":"(2,00 €/Kg.)","imgUrl":"https://s1.dia.es/medias/hcd/h46/8833865416734.png"}]},"pimiento":{"categoryUrl":"/compra-online/productos/frescos/verdura-y-hortalizas/pimiento/c/WEB.001.004.00041","products":[{"title":"Pimiento italiano unidad (200 gr aprox.)","price":"0,36 €","pricePerUnit":"(1,79 €/Kg.)","imgUrl":"https://s2.dia.es/medias/h0f/h3e/8834226847774.png"},{"title":"Pimiento rojo unidad (550 gr aprox.)","price":"1,31 €","pricePerUnit":"(2,39 €/Kg.)","imgUrl":"https://s3.dia.es/medias/hc7/h67/8832793378846.png"},{"title":"Pimiento tipo padrón bolsa 200 gr","price":"0,99 €","pricePerUnit":"(4,95 €/Kg.)","imgUrl":"https://s3.dia.es/medias/hed/h1c/8834995257374.png"},{"title":"Pimiento verde unidad (380 gr aprox.)","price":"0,79 €","pricePerUnit":"(2,09 €/Kg.)","imgUrl":"https://s3.dia.es/medias/h63/h24/8835123904542.png"},{"title":"Pimientos tres colores bolsa 500 gr","price":"1,45 €","pricePerUnit":"(2,90 €/Kg.)","imgUrl":"https://s1.dia.es/medias/hff/hc5/8833624571934.png"}]},"tomates":{"categoryUrl":"/compra-online/productos/frescos/verdura-y-hortalizas/tomates/c/WEB.001.004.00042","products":[{"title":"AGROPIGEN tomate ensalada bio bandeja (500 gr aprox.)","price":"2,69 €","pricePerUnit":"(2,69 €/Kg.)","imgUrl":"https://s1.dia.es/medias/h3d/hc5/8816375431198.png"},{"title":"MAR AZUL tomate unidad (peso aprox. 200 gr)","price":"0,70 €","pricePerUnit":"(3,49 €/Kg.)","imgUrl":"https://s1.dia.es/medias/h28/h14/9513892839454.jpg"},{"title":"Tomate cherry kumato bandeja 250 gr","price":"1,19 €","pricePerUnit":"(4,76 €/Kg.)","imgUrl":"https://s3.dia.es/medias/h9c/h1e/8834452357150.png"},{"title":"Tomate cherry pera bandeja 250 gr","price":"1,00 €","pricePerUnit":"(4,00 €/Kg.)","imgUrl":"https://s1.dia.es/medias/h57/hc8/8835566796830.png"},{"title":"Tomate cherry redondo línea sabor bandeja 250 gr","price":"0,79 €","pricePerUnit":"(3,16 €/Kg.)","imgUrl":"https://s2.dia.es/medias/hd0/h37/8834817458206.png"},{"title":"Tomate de la huerta unidad (230 gr aprox.)","price":"0,62 €","pricePerUnit":"(2,69 €/Kg.)","imgUrl":"https://s2.dia.es/medias/h64/h17/9618994626590.jpg"},{"title":"Tomate de pueblo unidad (850 gr aprox.)","price":"2,29 €","pricePerUnit":"(2,69 €/Kg.)","imgUrl":"https://s0.dia.es/medias/hb2/h1d/8954940522526.png"},{"title":"Tomate en rama línea sabor bandeja 250 gr","price":"1,19 €","pricePerUnit":"(4,76 €/Kg.)","imgUrl":"https://s0.dia.es/medias/hae/h5f/8882542346270.png"},{"title":"Tomate en rama unidad (180 gr aprox.)","price":"0,18 €","pricePerUnit":"(0,99 €/Kg.)","imgUrl":"https://s0.dia.es/medias/h47/hc4/9382679576606.jpg"},{"title":"Tomate ensalada malla 1 Kg","price":"1,29 €","pricePerUnit":"(1,29 €/Kg.)","imgUrl":"https://s2.dia.es/medias/h5a/hbc/8846809006110.png"},{"title":"Tomate ensalada unidad (350 gr aprox.)","price":"0,52 €","pricePerUnit":"(1,49 €/Kg.)","imgUrl":"https://s2.dia.es/medias/h27/h93/8846919237662.png"},{"title":"Tomate kumato bandeja 500 gr","price":"1,29 €","pricePerUnit":"(2,58 €/Kg.)","imgUrl":"https://s1.dia.es/medias/hce/hda/8835022585886.png"},{"title":"Tomate kumato unidad (160 gr aprox.)","price":"0,38 €","pricePerUnit":"(2,39 €/Kg.)","imgUrl":"https://s3.dia.es/medias/h40/h2b/8852793786398.png"},{"title":"Tomate línea sabor unidad (260 gr aprox)","price":"0,67 €","pricePerUnit":"(2,59 €/Kg.)","imgUrl":"https://s1.dia.es/medias/h79/ha4/8846833713182.png"},{"title":"Tomate maduro unidad (250 gr aprox.)","price":"0,32 €","pricePerUnit":"(1,29 €/Kg.)","imgUrl":"https://s1.dia.es/medias/hc1/h59/8834225799198.png"},{"title":"Tomate pera unidad (250 gr aprox.)","price":"0,40 €","pricePerUnit":"(1,59 €/Kg.)","imgUrl":"https://s3.dia.es/medias/h8b/h83/8833672871966.png"}]},"zanahorias-y-otras-raices":{"categoryUrl":"/compra-online/productos/frescos/verdura-y-hortalizas/zanahorias-y-otras-raices/c/WEB.001.004.00043","products":[{"title":"TABUENCA zanahorias bolsa 500 gr","price":"0,49 €","pricePerUnit":"(0,98 €/Kg.)","imgUrl":"https://s1.dia.es/medias/hb9/h8c/8954996883486.png"},{"title":"Yuca (500 gr aprox.)","price":"1,13 €","pricePerUnit":"(2,25 €/Kg.)","imgUrl":"https://s3.dia.es/medias/h9d/h03/8955027685406.png"},{"title":"Zanahoria bio bandeja 600 gr","price":"1,49 €","pricePerUnit":"(2,48 €/Kg.)","imgUrl":"https://s3.dia.es/medias/h02/h1a/8818865045534.png"},{"title":"Zanahoria bolsa 1 Kg","price":"0,69 €","pricePerUnit":"(0,69 €/Kg.)","imgUrl":"https://s3.dia.es/medias/hea/h82/8834608922654.png"},{"title":"Zanahoria tierna bandeja 500gr","price":"0,99 €","pricePerUnit":"(1,98 €/Kg.)","imgUrl":"https://s0.dia.es/medias/h45/h86/8835292987422.png"}]},"hierbas-aromaticas":{"categoryUrl":"/compra-online/productos/frescos/verdura-y-hortalizas/hierbas-aromaticas/c/WEB.001.004.00037","products":[{"title":"AGROPIGEN tomate ensalada bio bandeja (500 gr aprox.)","price":"2,69 €","pricePerUnit":"(2,69 €/Kg.)","imgUrl":"https://s1.dia.es/medias/h3d/hc5/8816375431198.png"},{"title":"Ajetes tiernos bandeja 200 gr","price":"1,29 €","pricePerUnit":"(10,75 €/Kg.)","imgUrl":"https://s3.dia.es/medias/hd9/hee/8834349006878.png"},{"title":"Ajo morado malla 250 gr","price":"1,19 €","pricePerUnit":"(4,76 €/Kg.)","imgUrl":"https://s3.dia.es/medias/h87/hbe/8833180729374.png"},{"title":"Ajo morado malla 500 gr","price":"2,09 €","pricePerUnit":"(4,18 €/Kg.)","imgUrl":"https://s0.dia.es/medias/h38/he3/8834983198750.png"},{"title":"Ajo morado unidad (90 gr aprox.)","price":"0,45 €","pricePerUnit":"(4,99 €/Kg.)","imgUrl":"https://s3.dia.es/medias/hcd/h45/8835337224222.png"},{"title":"Apio bolsa 500 gr","price":"0,99 €","pricePerUnit":"(1,98 €/Kg.)","imgUrl":"https://s3.dia.es/medias/hf7/hd8/8833550581790.png"},{"title":"Berenjena unidad (365 gr aprox.)","price":"0,36 €","pricePerUnit":"(0,99 €/Kg.)","imgUrl":"https://s0.dia.es/medias/h95/h1c/8834031091742.png"},{"title":"Brócoli pieza 500 gr","price":"1,09 €","pricePerUnit":"(2,18 €/Kg.)","imgUrl":"https://s1.dia.es/medias/h06/h62/8834636251166.png"},{"title":"Calabacín unidad (650 gr aprox.)","price":"0,75 €","pricePerUnit":"(1,15 €/Kg.)","imgUrl":"https://s2.dia.es/medias/h09/h90/8833139114014.png"},{"title":"Calabaza (1. 9 Kg aprox.)","price":"2,26 €","pricePerUnit":"(1,19 €/Kg.)","imgUrl":"https://s3.dia.es/medias/h02/h2c/8835504799774.png"},{"title":"Calabaza dados al vacío 400 gr","price":"1,30 €","pricePerUnit":"(3,25 €/Kg.)"},{"title":"CARRETILLA ensalada ligera tarrina 200 gr","price":"1,75 €","pricePerUnit":"(8,75 €/Kg.)","imgUrl":"https://s2.dia.es/medias/h39/h2f/9634817048606.jpg"},{"title":"Cebolla buti 1 Kg","price":"1,30 €","pricePerUnit":"(1,30 €/Kg.)","imgUrl":"https://s1.dia.es/medias/h07/h1e/8846777024542.png"},{"title":"Cebolla línea sabor 500 gr","price":"1,39 €","pricePerUnit":"(2,78 €/Kg.)","imgUrl":"https://s1.dia.es/medias/h6a/hf8/9532591243294.jpg"},{"title":"Cebolla malla 2 Kg","price":"1,89 €","pricePerUnit":"(0,95 €/Kg.)","imgUrl":"https://s3.dia.es/medias/h2a/hd4/8847033073694.png"},{"title":"Cebolla morada malla 500 gr","price":"1,09 €","pricePerUnit":"(2,18 €/Kg.)","imgUrl":"https://s1.dia.es/medias/hae/h98/8833969750046.png"},{"title":"Cebollita francesa malla 500 gr","price":"1,09 €","pricePerUnit":"(2,18 €/Kg.)","imgUrl":"https://s0.dia.es/medias/hfc/h84/8832841613342.png"},{"title":"Champiñones bandeja 250 gr","price":"1,29 €","pricePerUnit":"(5,16 €/Kg.)","imgUrl":"https://s3.dia.es/medias/h3f/hf8/9382682198046.jpg"},{"title":"Champiñón laminado bandeja 250 gr","price":"1,25 €","pricePerUnit":"(5,00 €/Kg.)","imgUrl":"https://s0.dia.es/medias/ha3/ha8/8833925709854.png"},{"title":"Champiñón pie de tierra bandeja 300 gr","price":"1,00 €","pricePerUnit":"(3,33 €/Kg.)","imgUrl":"https://s1.dia.es/medias/h18/h67/8833524367390.png"},{"title":"Cogollos bandeja 3 uds","price":"0,99 €","pricePerUnit":"(0,33 €/ud.)","imgUrl":"https://s1.dia.es/medias/h47/h2d/8832810680350.png"},{"title":"Coliflor pieza 1 ud","price":"1,89 €","pricePerUnit":"(1,89 €/ud.)","imgUrl":"https://s1.dia.es/medias/ha7/h82/8833897922590.png"},{"title":"Corazones de cogollos 6 uds","price":"1,75 €","pricePerUnit":"(0,29 €/ud.)","imgUrl":"https://s0.dia.es/medias/hae/h9f/8832845283358.png"},{"title":"Corazones de lechuga romana bandeja 2 uds","price":"1,19 €","pricePerUnit":"(0,60 €/ud.)","imgUrl":"https://s0.dia.es/medias/hc3/h91/8835073507358.png"},{"title":"Corazón de escarola bolsa 150 gr","price":"1,29 €","pricePerUnit":"(8,60 €/Kg.)","imgUrl":"https://s3.dia.es/medias/h1c/hc8/9595986182174.jpg"},{"title":"Croutones cesar tarrina 70 gr","price":"0,99 €","pricePerUnit":"(14,14 €/Kg.)","imgUrl":"https://s0.dia.es/medias/h5e/h68/9054595842078.jpg"},{"title":"DIA acelga bolsa 300 gr","price":"0,99 €","pricePerUnit":"(3,30 €/Kg.)","imgUrl":"https://s2.dia.es/medias/h0d/h55/9084470853662.jpg"},{"title":"DIA canónigos bolsa 100 gr","price":"0,99 €","pricePerUnit":"(9,90 €/Kg.)","imgUrl":"https://s2.dia.es/medias/h29/hb5/9084468232222.jpg"},{"title":"DIA ensalada de brotes tiernos 70 gr","price":"0,99 €","pricePerUnit":"(14,14 €/Kg.)","imgUrl":"https://s2.dia.es/medias/h5a/he5/9084457746462.jpg"},{"title":"DIA ensalada gourmet bolsa 175 gr","price":"0,99 €","pricePerUnit":"(5,66 €/Kg.)","imgUrl":"https://s3.dia.es/medias/h8e/h50/9084471509022.jpg"},{"title":"DIA ensalada mezclum bolsa 150 gr","price":"1,29 €","pricePerUnit":"(8,60 €/Kg.)","imgUrl":"https://s0.dia.es/medias/h5a/h54/9084473147422.jpg"},{"title":"DIA ensalada variada bolsa 200 gr","price":"0,89 €","pricePerUnit":"(4,45 €/Kg.)","imgUrl":"https://s2.dia.es/medias/h4a/h1e/9084468559902.jpg"},{"title":"DIA espinacas bolsa 300 gr","price":"0,95 €","pricePerUnit":"(3,17 €/Kg.)","imgUrl":"https://s3.dia.es/medias/ha1/h0d/9084471836702.jpg"},{"title":"DIA lechuga iceberg bolsa 200 gr","price":"0,89 €","pricePerUnit":"(4,45 €/Kg.)","imgUrl":"https://s3.dia.es/medias/hfc/hb7/9084472819742.jpg"},{"title":"DIA rúcula bolsa 50 gr","price":"0,95 €","pricePerUnit":"(19,00 €/Kg.)","imgUrl":"https://s3.dia.es/medias/h65/h57/9084473802782.jpg"},{"title":"Endivias bandeja 350 gr","price":"0,99 €","pricePerUnit":"(2,83 €/Kg.)","imgUrl":"https://s2.dia.es/medias/ha8/h97/9382683181086.jpg"},{"title":"Ensalada familiar premium 300 gr","price":"2,99 €","pricePerUnit":"(9,97 €/Kg.)","imgUrl":"https://s1.dia.es/medias/h29/hd3/8961026523166.jpg"},{"title":"Ensalada mixta bandeja 400 gr","price":"1,99 €","pricePerUnit":"(4,98 €/Kg.)","imgUrl":"https://s0.dia.es/medias/h20/h25/8899448176670.png"},{"title":"Ensaladilla rusa deshidratada bandeja 110 gr","price":"1,89 €","pricePerUnit":"(17,18 €/Kg.)","imgUrl":"https://s3.dia.es/medias/h61/h8f/9642398777374.jpg"},{"title":"Escarola ud","price":"1,49 €","pricePerUnit":"(1,49 €/ud.)","imgUrl":"https://s3.dia.es/medias/hf6/h31/8834270363678.png"},{"title":"Espinacas con garbanzos tarrina 360 gr","price":"2,49 €","pricePerUnit":"(6,92 €/Kg.)","imgUrl":"https://s2.dia.es/medias/h96/h8c/8835148611614.png"},{"title":"Espárrago verde 250 g","price":"1,99 €","pricePerUnit":"(7,96 €/Kg.)","imgUrl":"https://s2.dia.es/medias/h16/hf1/8817749917726.png"},{"title":"FLORETTE deluxe brotes bolsa 100 gr","price":"1,75 €","pricePerUnit":"(17,50 €/Kg.)","imgUrl":"https://s3.dia.es/medias/h57/hb2/9595938996254.jpg"},{"title":"FLORETTE ensalada cesar con pollo y queso tarrina 200 gr","price":"2,49 €","pricePerUnit":"(12,15 €/Kg.)","imgUrl":"https://s2.dia.es/medias/h1e/h28/9595907145758.jpg"},{"title":"FLORETTE ensalada completa pasta integral tarrina 285 gr","price":"3,00 €","pricePerUnit":"(10,53 €/Kg.)","imgUrl":"https://s1.dia.es/medias/h12/h33/9596013445150.jpg"},{"title":"FLORETTE ensalada gourmet con nueces y queso de cabra envase 180 gr","price":"2,89 €","pricePerUnit":"(16,06 €/Kg.)","imgUrl":"https://s2.dia.es/medias/h89/hc2/9596004597790.jpg"},{"title":"FLORETTE ensalada gourmet estación bolsa 150 gr","price":"1,89 €","pricePerUnit":"(12,60 €/Kg.)","imgUrl":"https://s0.dia.es/medias/hd1/heb/9595970060318.jpg"},{"title":"FLORETTE espinacas bolsa 125 gr","price":"1,45 €","pricePerUnit":"(11,60 €/Kg.)","imgUrl":"https://s2.dia.es/medias/hd5/h34/9595902230558.jpg"},{"title":"FLORETTE pasta + rúcula 320 gr","price":"2,79 €","pricePerUnit":"(8,72 €/Kg.)","imgUrl":"https://s2.dia.es/medias/ha4/h2b/9596020326430.jpg"},{"title":"FUENTES cebolla dulce unidad (430 gr aprox.)","price":"0,86 €","pricePerUnit":"(1,99 €/Kg.)","imgUrl":"https://s1.dia.es/medias/he2/h95/8833305509918.png"},{"title":"Judía verde extra bandeja 400 gr","price":"1,99 €","pricePerUnit":"(4,98 €/Kg.)","imgUrl":"https://s2.dia.es/medias/h49/h66/8835562078238.png"},{"title":"Judía verde malla 500 gr","price":"1,19 €","pricePerUnit":"(2,38 €/Kg.)","imgUrl":"https://s1.dia.es/medias/h30/h17/8833894252574.png"},{"title":"Lechuga iceberg pieza 1 ud","price":"0,79 €","pricePerUnit":"(0,79 €/ud.)","imgUrl":"https://s0.dia.es/medias/h93/h3e/8835354132510.png"},{"title":"Lombarda unidad (2.5 Kg aprox.)","price":"2,97 €","pricePerUnit":"(1,19 €/Kg.)","imgUrl":"https://s1.dia.es/medias/h7a/h22/8833265139742.png"},{"title":"MAR AZUL tomate unidad (peso aprox. 200 gr)","price":"0,70 €","pricePerUnit":"(3,49 €/Kg.)","imgUrl":"https://s1.dia.es/medias/h28/h14/9513892839454.jpg"},{"title":"Maíz cocido mazorcas bolsa 400 gr","price":"1,19 €","pricePerUnit":"(2,97 €/Kg.)","imgUrl":"https://s1.dia.es/medias/h2b/hdc/8834268790814.png"},{"title":"Mix de setas bandeja 150 g","price":"1,99 €","pricePerUnit":"(13,27 €/Kg.)","imgUrl":"https://s1.dia.es/medias/h98/h61/9382678593566.jpg"},{"title":"Patata especial freír malla 3 kg","price":"3,95 €","pricePerUnit":"(1,32 €/Kg.)","imgUrl":"https://s1.dia.es/medias/h2c/h38/8847039365150.png"},{"title":"Patata lavada malla 3 Kg","price":"3,89 €","pricePerUnit":"(1,30 €/Kg.)","imgUrl":"https://s2.dia.es/medias/h2c/ha0/9382673678366.jpg"},{"title":"Patata lavada malla 5 Kg","price":"3,59 €","pricePerUnit":"(0,72 €/Kg.)","imgUrl":"https://s2.dia.es/medias/hc9/hc1/8846922907678.png"},{"title":"Patata unidad (550 gr aprox.)","price":"0,80 €","pricePerUnit":"(1,45 €/Kg.)","imgUrl":"https://s2.dia.es/medias/h7f/h93/8846921859102.png"},{"title":"Patatas a lo pobre tarrina 360 gr","price":"1,99 €","pricePerUnit":"(5,53 €/Kg.)","imgUrl":"https://s3.dia.es/medias/h44/h56/8833697513502.png"},{"title":"Patatas línea sabor malla 1.5 Kg","price":"2,39 €","pricePerUnit":"(1,59 €/Kg.)","imgUrl":"https://s2.dia.es/medias/hfb/h73/9030044254238.jpg"},{"title":"Pepino español unidad (260 gr aprox.)","price":"0,28 €","pricePerUnit":"(1,09 €/Kg.)","imgUrl":"https://s2.dia.es/medias/h57/hb2/8834960654366.png"},{"title":"Pepino holandés pieza 325 gr","price":"0,65 €","pricePerUnit":"(2,00 €/Kg.)","imgUrl":"https://s1.dia.es/medias/hcd/h46/8833865416734.png"},{"title":"Perejil manojo 50 gr","price":"0,69 €","pricePerUnit":"(13,80 €/Kg.)","imgUrl":"https://s0.dia.es/medias/hfc/h9b/9382677610526.jpg"},{"title":"Pimiento asado en tiras bicolor tarrina 350 gr","price":"2,29 €","pricePerUnit":"(6,54 €/Kg.)","imgUrl":"https://s0.dia.es/medias/h98/h38/8834873557022.png"},{"title":"Pimiento asado entero bandeja 500 gr","price":"2,19 €","pricePerUnit":"(4,38 €/Kg.)","imgUrl":"https://s2.dia.es/medias/hb1/h52/9662481924126.jpg"},{"title":"Pimiento italiano unidad (200 gr aprox.)","price":"0,36 €","pricePerUnit":"(1,79 €/Kg.)","imgUrl":"https://s2.dia.es/medias/h0f/h3e/8834226847774.png"},{"title":"Pimiento rojo unidad (550 gr aprox.)","price":"1,31 €","pricePerUnit":"(2,39 €/Kg.)","imgUrl":"https://s3.dia.es/medias/hc7/h67/8832793378846.png"},{"title":"Pimiento tipo padrón bolsa 200 gr","price":"0,99 €","pricePerUnit":"(4,95 €/Kg.)","imgUrl":"https://s3.dia.es/medias/hed/h1c/8834995257374.png"},{"title":"Pimiento verde unidad (380 gr aprox.)","price":"0,79 €","pricePerUnit":"(2,09 €/Kg.)","imgUrl":"https://s3.dia.es/medias/h63/h24/8835123904542.png"},{"title":"Pimientos tres colores bolsa 500 gr","price":"1,45 €","pricePerUnit":"(2,90 €/Kg.)","imgUrl":"https://s1.dia.es/medias/hff/hc5/8833624571934.png"},{"title":"Pisto bandeja 380 gr","price":"2,19 €","pricePerUnit":"(5,76 €/Kg.)","imgUrl":"https://s0.dia.es/medias/h92/haf/9111144366110.jpg"},{"title":"Puerro bandeja 450 gr","price":"1,75 €","pricePerUnit":"(3,89 €/Kg.)","imgUrl":"https://s2.dia.es/medias/h8e/h14/8833905262622.png"},{"title":"Puerro manojo 500 gr","price":"1,59 €","pricePerUnit":"(1,59 €/ud.)","imgUrl":"https://s0.dia.es/medias/hfe/h44/9093443125278.jpg"},{"title":"Remolacha cocida bolsa 500 gr","price":"0,79 €","pricePerUnit":"(1,58 €/Kg.)","imgUrl":"https://s3.dia.es/medias/hc5/hf3/8834624716830.png"},{"title":"Repollo liso unidad (2.4 Kg aprox.)","price":"2,40 €","pricePerUnit":"(1,00 €/Kg.)","imgUrl":"https://s1.dia.es/medias/h52/h5a/8833994915870.png"},{"title":"Setas cultivadas bandeja 400 gr","price":"1,99 €","pricePerUnit":"(4,98 €/Kg.)","imgUrl":"https://s3.dia.es/medias/h32/hf0/8835091398686.png"},{"title":"Setas laminadas bandeja 200 gr","price":"1,00 €","pricePerUnit":"(5,00 €/Kg.)","imgUrl":"https://s1.dia.es/medias/h51/h23/9382669746206.jpg"},{"title":"Sopa juliana deshidratada bandeja 100 gr","price":"1,89 €","pricePerUnit":"(18,90 €/Kg.)","imgUrl":"https://s0.dia.es/medias/h8f/hbd/9642364043294.jpg"},{"title":"Surtido para gazpacho bandeja 1,5 kg aprox.","price":"2,84 €","pricePerUnit":"(1,89 €/Kg.)","imgUrl":"https://s0.dia.es/medias/h70/h5c/8834887188510.png"},{"title":"Surtido vegetal bandeja (1.2 Kg aprox.)","price":"1,50 €","pricePerUnit":"(1,25 €/Kg.)","imgUrl":"https://s2.dia.es/medias/h0a/h77/8835169058846.png"},{"title":"TABUENCA zanahorias bolsa 500 gr","price":"0,49 €","pricePerUnit":"(0,98 €/Kg.)","imgUrl":"https://s1.dia.es/medias/hb9/h8c/8954996883486.png"},{"title":"Tomate cherry kumato bandeja 250 gr","price":"1,19 €","pricePerUnit":"(4,76 €/Kg.)","imgUrl":"https://s3.dia.es/medias/h9c/h1e/8834452357150.png"},{"title":"Tomate cherry pera bandeja 250 gr","price":"1,00 €","pricePerUnit":"(4,00 €/Kg.)","imgUrl":"https://s1.dia.es/medias/h57/hc8/8835566796830.png"},{"title":"Tomate cherry redondo línea sabor bandeja 250 gr","price":"0,79 €","pricePerUnit":"(3,16 €/Kg.)","imgUrl":"https://s2.dia.es/medias/hd0/h37/8834817458206.png"},{"title":"Tomate de la huerta unidad (230 gr aprox.)","price":"0,62 €","pricePerUnit":"(2,69 €/Kg.)","imgUrl":"https://s2.dia.es/medias/h64/h17/9618994626590.jpg"},{"title":"Tomate de pueblo unidad (850 gr aprox.)","price":"2,29 €","pricePerUnit":"(2,69 €/Kg.)","imgUrl":"https://s0.dia.es/medias/hb2/h1d/8954940522526.png"},{"title":"Tomate en rama línea sabor bandeja 250 gr","price":"1,19 €","pricePerUnit":"(4,76 €/Kg.)","imgUrl":"https://s0.dia.es/medias/hae/h5f/8882542346270.png"},{"title":"Tomate en rama unidad (180 gr aprox.)","price":"0,18 €","pricePerUnit":"(0,99 €/Kg.)","imgUrl":"https://s0.dia.es/medias/h47/hc4/9382679576606.jpg"},{"title":"Tomate ensalada malla 1 Kg","price":"1,29 €","pricePerUnit":"(1,29 €/Kg.)","imgUrl":"https://s2.dia.es/medias/h5a/hbc/8846809006110.png"},{"title":"Tomate ensalada unidad (350 gr aprox.)","price":"0,52 €","pricePerUnit":"(1,49 €/Kg.)","imgUrl":"https://s2.dia.es/medias/h27/h93/8846919237662.png"},{"title":"Tomate kumato bandeja 500 gr","price":"1,29 €","pricePerUnit":"(2,58 €/Kg.)","imgUrl":"https://s1.dia.es/medias/hce/hda/8835022585886.png"},{"title":"Tomate kumato unidad (160 gr aprox.)","price":"0,38 €","pricePerUnit":"(2,39 €/Kg.)","imgUrl":"https://s3.dia.es/medias/h40/h2b/8852793786398.png"},{"title":"Tomate línea sabor unidad (260 gr aprox)","price":"0,67 €","pricePerUnit":"(2,59 €/Kg.)","imgUrl":"https://s1.dia.es/medias/h79/ha4/8846833713182.png"},{"title":"Tomate maduro unidad (250 gr aprox.)","price":"0,32 €","pricePerUnit":"(1,29 €/Kg.)","imgUrl":"https://s1.dia.es/medias/hc1/h59/8834225799198.png"},{"title":"Tomate pera unidad (250 gr aprox.)","price":"0,40 €","pricePerUnit":"(1,59 €/Kg.)","imgUrl":"https://s3.dia.es/medias/h8b/h83/8833672871966.png"},{"title":"TREVIJANO alga wakame 100% natural bandeja 50 gr","price":"1,79 €","pricePerUnit":"(35,80 €/Kg.)","imgUrl":"https://s3.dia.es/medias/hcb/h3f/9642398449694.jpg"},{"title":"TREVIJANO boletus deshidratado bandeja 40 gr","price":"4,49 €","pricePerUnit":"(112,25 €/Kg.)","imgUrl":"https://s1.dia.es/medias/h6c/hc6/9642362404894.jpg"}]},"preparadas-y-cocinadas":{"categoryUrl":"/compra-online/productos/frescos/verdura-y-hortalizas/preparadas-y-cocinadas/c/WEB.001.004.00044","products":[{"title":"DIA espinacas bolsa 300 gr","price":"0,95 €","pricePerUnit":"(3,17 €/Kg.)","imgUrl":"https://s3.dia.es/medias/ha1/h0d/9084471836702.jpg"},{"title":"Ensaladilla rusa deshidratada bandeja 110 gr","price":"1,89 €","pricePerUnit":"(17,18 €/Kg.)","imgUrl":"https://s3.dia.es/medias/h61/h8f/9642398777374.jpg"},{"title":"Espinacas con garbanzos tarrina 360 gr","price":"2,49 €","pricePerUnit":"(6,92 €/Kg.)","imgUrl":"https://s2.dia.es/medias/h96/h8c/8835148611614.png"},{"title":"Maíz cocido mazorcas bolsa 400 gr","price":"1,19 €","pricePerUnit":"(2,97 €/Kg.)","imgUrl":"https://s1.dia.es/medias/h2b/hdc/8834268790814.png"},{"title":"Patatas a lo pobre tarrina 360 gr","price":"1,99 €","pricePerUnit":"(5,53 €/Kg.)","imgUrl":"https://s3.dia.es/medias/h44/h56/8833697513502.png"},{"title":"Pimiento asado en tiras bicolor tarrina 350 gr","price":"2,29 €","pricePerUnit":"(6,54 €/Kg.)","imgUrl":"https://s0.dia.es/medias/h98/h38/8834873557022.png"},{"title":"Pimiento asado entero bandeja 500 gr","price":"2,19 €","pricePerUnit":"(4,38 €/Kg.)","imgUrl":"https://s2.dia.es/medias/hb1/h52/9662481924126.jpg"},{"title":"Pisto bandeja 380 gr","price":"2,19 €","pricePerUnit":"(5,76 €/Kg.)","imgUrl":"https://s0.dia.es/medias/h92/haf/9111144366110.jpg"},{"title":"Remolacha cocida bolsa 500 gr","price":"0,79 €","pricePerUnit":"(1,58 €/Kg.)","imgUrl":"https://s3.dia.es/medias/hc5/hf3/8834624716830.png"},{"title":"Sopa juliana deshidratada bandeja 100 gr","price":"1,89 €","pricePerUnit":"(18,90 €/Kg.)","imgUrl":"https://s0.dia.es/medias/h8f/hbd/9642364043294.jpg"},{"title":"Surtido para gazpacho bandeja 1,5 kg aprox.","price":"2,84 €","pricePerUnit":"(1,89 €/Kg.)","imgUrl":"https://s0.dia.es/medias/h70/h5c/8834887188510.png"},{"title":"Surtido vegetal bandeja (1.2 Kg aprox.)","price":"1,50 €","pricePerUnit":"(1,25 €/Kg.)","imgUrl":"https://s2.dia.es/medias/h0a/h77/8835169058846.png"}]},"ensaladas-para-consumir":{"categoryUrl":"/compra-online/productos/frescos/verdura-y-hortalizas/ensaladas-para-consumir/c/WEB.001.004.00045","products":[{"title":"CARRETILLA ensalada ligera tarrina 200 gr","price":"1,75 €","pricePerUnit":"(8,75 €/Kg.)","imgUrl":"https://s2.dia.es/medias/h39/h2f/9634817048606.jpg"},{"title":"Corazón de escarola bolsa 150 gr","price":"1,29 €","pricePerUnit":"(8,60 €/Kg.)","imgUrl":"https://s3.dia.es/medias/h1c/hc8/9595986182174.jpg"},{"title":"Croutones cesar tarrina 70 gr","price":"0,99 €","pricePerUnit":"(14,14 €/Kg.)","imgUrl":"https://s0.dia.es/medias/h5e/h68/9054595842078.jpg"},{"title":"DIA canónigos bolsa 100 gr","price":"0,99 €","pricePerUnit":"(9,90 €/Kg.)","imgUrl":"https://s2.dia.es/medias/h29/hb5/9084468232222.jpg"},{"title":"DIA ensalada de brotes tiernos 70 gr","price":"0,99 €","pricePerUnit":"(14,14 €/Kg.)","imgUrl":"https://s2.dia.es/medias/h5a/he5/9084457746462.jpg"},{"title":"DIA ensalada gourmet bolsa 175 gr","price":"0,99 €","pricePerUnit":"(5,66 €/Kg.)","imgUrl":"https://s3.dia.es/medias/h8e/h50/9084471509022.jpg"},{"title":"DIA ensalada mezclum bolsa 150 gr","price":"1,29 €","pricePerUnit":"(8,60 €/Kg.)","imgUrl":"https://s0.dia.es/medias/h5a/h54/9084473147422.jpg"},{"title":"DIA ensalada variada bolsa 200 gr","price":"0,89 €","pricePerUnit":"(4,45 €/Kg.)","imgUrl":"https://s2.dia.es/medias/h4a/h1e/9084468559902.jpg"},{"title":"DIA lechuga iceberg bolsa 200 gr","price":"0,89 €","pricePerUnit":"(4,45 €/Kg.)","imgUrl":"https://s3.dia.es/medias/hfc/hb7/9084472819742.jpg"},{"title":"DIA rúcula bolsa 50 gr","price":"0,95 €","pricePerUnit":"(19,00 €/Kg.)","imgUrl":"https://s3.dia.es/medias/h65/h57/9084473802782.jpg"},{"title":"Ensalada familiar premium 300 gr","price":"2,99 €","pricePerUnit":"(9,97 €/Kg.)","imgUrl":"https://s1.dia.es/medias/h29/hd3/8961026523166.jpg"},{"title":"Ensalada mixta bandeja 400 gr","price":"1,99 €","pricePerUnit":"(4,98 €/Kg.)","imgUrl":"https://s0.dia.es/medias/h20/h25/8899448176670.png"},{"title":"FLORETTE deluxe brotes bolsa 100 gr","price":"1,75 €","pricePerUnit":"(17,50 €/Kg.)","imgUrl":"https://s3.dia.es/medias/h57/hb2/9595938996254.jpg"},{"title":"FLORETTE ensalada cesar con pollo y queso tarrina 200 gr","price":"2,49 €","pricePerUnit":"(12,15 €/Kg.)","imgUrl":"https://s2.dia.es/medias/h1e/h28/9595907145758.jpg"},{"title":"FLORETTE ensalada completa pasta integral tarrina 285 gr","price":"3,00 €","pricePerUnit":"(10,53 €/Kg.)","imgUrl":"https://s1.dia.es/medias/h12/h33/9596013445150.jpg"},{"title":"FLORETTE ensalada gourmet con nueces y queso de cabra envase 180 gr","price":"2,89 €","pricePerUnit":"(16,06 €/Kg.)","imgUrl":"https://s2.dia.es/medias/h89/hc2/9596004597790.jpg"},{"title":"FLORETTE ensalada gourmet estación bolsa 150 gr","price":"1,89 €","pricePerUnit":"(12,60 €/Kg.)","imgUrl":"https://s0.dia.es/medias/hd1/heb/9595970060318.jpg"},{"title":"FLORETTE pasta + rúcula 320 gr","price":"2,79 €","pricePerUnit":"(8,72 €/Kg.)","imgUrl":"https://s2.dia.es/medias/ha4/h2b/9596020326430.jpg"}]},"otras-verduras":{"categoryUrl":"/compra-online/productos/frescos/verdura-y-hortalizas/otras-verduras/c/WEB.001.004.00046","products":[{"title":"Apio bolsa 500 gr","price":"0,99 €","pricePerUnit":"(1,98 €/Kg.)","imgUrl":"https://s3.dia.es/medias/hf7/hd8/8833550581790.png"},{"title":"Berenjena unidad (365 gr aprox.)","price":"0,36 €","pricePerUnit":"(0,99 €/Kg.)","imgUrl":"https://s0.dia.es/medias/h95/h1c/8834031091742.png"},{"title":"Perejil manojo 50 gr","price":"0,69 €","pricePerUnit":"(13,80 €/Kg.)","imgUrl":"https://s0.dia.es/medias/hfc/h9b/9382677610526.jpg"}]}}},"charcuteria-y-quesos":{"name":"Charcuteríayquesos","subCategoriesName":["cocido","curado","quesos","pates-foie-y-untables","salchichas"],"cocido":{"name":"Cocido","productTypes":["bacon-y-panceta","fiambres-ave","jamon-cocido-york","mortadela-y-chopped","charcuteria-cocida-al-corte"],"bacon-y-panceta":{"categoryUrl":"/compra-online/productos/charcuteria-y-quesos/cocido/bacon-y-panceta/c/WEB.002.006.00048","products":[{"title":"CASATARRADELLAS cintas de bacon envase 2x100 g","price":"1,72 €","pricePerUnit":"(8,60 €/Kg.)","imgUrl":"https://s3.dia.es/medias/hf5/h06/9573930631198.jpg"},{"title":"DIA bacon lonchas sobre 200 gr","price":"1,48 €","pricePerUnit":"(7,40 €/Kg.)","imgUrl":"https://s3.dia.es/medias/h09/h65/9082970931230.jpg"},{"title":"DIA tiras de bacon envase 2 x 100 gr","price":"1,49 €","pricePerUnit":"(7,45 €/Kg.)","imgUrl":"https://s1.dia.es/medias/h3d/ha8/9142058319902.jpg"},{"title":"ELPOZO bacon en lonchas envase 120 gr","price":"1,00 €","pricePerUnit":"(10,00 €/Kg.)","imgUrl":"https://s2.dia.es/medias/he9/h5b/9681381392414.jpg"},{"title":"OSCAR MAYER bacon lonchas envase 150 gr","price":"2,20 €","pricePerUnit":"(14,67 €/Kg.)","imgUrl":"https://s3.dia.es/medias/hc1/h7b/9640377155614.jpg"}]},"fiambres-ave":{"categoryUrl":"/compra-online/productos/charcuteria-y-quesos/cocido/fiambres-ave/c/WEB.002.006.00049","products":[{"title":"BONNATUR pechuga de pavo finas lonchas envase 175 gr","price":"2,19 €","pricePerUnit":"(14,60 €/Kg.)","imgUrl":"https://s3.dia.es/medias/h1e/h08/9677920600094.jpg"},{"title":"CAMPOFRÍO Cuidat+ chopped de pavo finas lonchas bajo en sal sobre 115 gr","price":"1,00 €","pricePerUnit":"(8,70 €/Kg.)","imgUrl":"https://s2.dia.es/medias/h6c/h91/9369610977310.jpg"},{"title":"CAMPOFRÍO Finissimas pechuga de pavo braseado en lonchas sobre 115 gr","price":"1,69 €\n\t\t\t\t\t\t\t1,49 €","pricePerUnit":"(14,70 €/Kg.)\n\t\t\t\t\t\t\t (12,96 €/Kg.)","imgUrl":"https://s2.dia.es/medias/hdb/h32/9628946202654.jpg"},{"title":"CAMPOFRÍO Finissimas pechuga de pavo en lonchas envase 110 gr","price":"1,64 €","pricePerUnit":"(14,91 €/Kg.)","imgUrl":"https://s3.dia.es/medias/h7e/hfd/9683338559518.jpg"},{"title":"CAMPOFRÍO Finissimas pechuga de pavo sobre 115 gr","price":"1,79 €\n\t\t\t\t\t\t\t1,49 €","pricePerUnit":"(15,57 €/Kg.)\n\t\t\t\t\t\t\t (12,96 €/Kg.)","imgUrl":"https://s1.dia.es/medias/hba/h1c/9628946530334.jpg"},{"title":"CAMPOFRÍO pechuga de pollo extrajugosa en lonchas sobre 90 gr","price":"1,00 €","pricePerUnit":"(11,11 €/Kg.)","imgUrl":"https://s1.dia.es/medias/h22/h87/9683277021214.jpg"},{"title":"DIA chorizo de pavo lonchas envase 150 gr","price":"1,89 €","pricePerUnit":"(12,60 €/Kg.)","imgUrl":"https://s3.dia.es/medias/hf4/he9/8824000282654.png"},{"title":"DIA maxi pavo envase 900 gr","price":"2,00 €","pricePerUnit":"(2,22 €/Kg.)","imgUrl":"https://s2.dia.es/medias/hc3/h3a/9565288726558.jpg"},{"title":"DIA pechuga de pavo braseada finas lonchas envase 2x100 gr","price":"1,84 €","pricePerUnit":"(9,20 €/Kg.)","imgUrl":"https://s2.dia.es/medias/h7d/h5a/8823020290078.png"},{"title":"DIA pechuga de pavo envase 400 gr","price":"2,26 €","pricePerUnit":"(5,65 €/Kg.)","imgUrl":"https://s0.dia.es/medias/had/h62/8985058508830.jpg"},{"title":"DIA pechuga de pavo finas lonchas envase 300 gr","price":"2,00 €","pricePerUnit":"(6,67 €/Kg.)","imgUrl":"https://s1.dia.es/medias/h53/h24/9334526803998.jpg"},{"title":"DIA pechuguitas de pollo asada al horno en lonchas envase 100 gr","price":"1,99 €","pricePerUnit":"(19,90 €/Kg.)","imgUrl":"https://s1.dia.es/medias/hf1/hc6/8974117109790.jpg"},{"title":"DIA pollo trufado asado al horno en lonchas envase 100 gr","price":"2,19 €","pricePerUnit":"(21,90 €/Kg.)","imgUrl":"https://s1.dia.es/medias/hca/heb/9005697892382.jpg"},{"title":"EL POZO pechuga de pavo mini pieza 380 gr","price":"2,00 €","pricePerUnit":"(5,26 €/Kg.)","imgUrl":"https://s3.dia.es/medias/h7b/hb6/9680376463390.jpg"},{"title":"ELPOZO Bienstar pechuga de pavo 0% envase 400 gr","price":"2,99 €","pricePerUnit":"(7,87 €/Kg.)","imgUrl":"https://s1.dia.es/medias/h59/hbf/9680374824990.jpg"},{"title":"ELPOZO Bienstar pechuga de pavo en lonchas sobre 100 gr","price":"1,00 €","pricePerUnit":"(11,76 €/Kg.)","imgUrl":"https://s3.dia.es/medias/hb7/h5b/9680375152670.jpg"},{"title":"ELPOZO Bienstar pechuga de pavo finas lonchas bajo en sal sobre 100 gr","price":"1,00 €","pricePerUnit":"(11,76 €/Kg.)","imgUrl":"https://s1.dia.es/medias/h3f/h97/9680377118750.jpg"},{"title":"ELPOZO chorizo de pavo en lonchas sobre 80 gr","price":"1,00 €","pricePerUnit":"(14,29 €/Kg.)","imgUrl":"https://s3.dia.es/medias/hb6/h4d/9594231062558.jpg"},{"title":"ELPOZO fiambre de pechuga de pavo en lonchas finas sobre 180 gr","price":"2,25 €","pricePerUnit":"(12,50 €/Kg.)","imgUrl":"https://s0.dia.es/medias/hf0/hd6/9594284343326.jpg"},{"title":"ELPOZO imperial con pavo pieza 235 gr","price":"2,00 €","pricePerUnit":"(8,70 €/Kg.)","imgUrl":"https://s0.dia.es/medias/h92/hc2/9594245546014.jpg"},{"title":"ELPOZO mortadela de pavo con aceitunas en lonchas envase 250 gr","price":"1,79 €","pricePerUnit":"(7,16 €/Kg.)","imgUrl":"https://s0.dia.es/medias/hfb/h8d/9594314129438.jpg"},{"title":"ELPOZO mortadela de pavo en lonchas envase 250 gr","price":"1,79 €","pricePerUnit":"(7,16 €/Kg.)","imgUrl":"https://s0.dia.es/medias/h3a/hca/9594289258526.jpg"},{"title":"ELPOZO pavo sandwich en lonchas envase 360 gr","price":"2,00 €","pricePerUnit":"(5,56 €/Kg.)","imgUrl":"https://s2.dia.es/medias/hdc/h58/9594301284382.jpg"},{"title":"ELPOZO pechuga de pavo braseada artesano corte fresco finas lonchas envase 120 gr","price":"1,89 €","pricePerUnit":"(15,75 €/Kg.)","imgUrl":"https://s0.dia.es/medias/h2a/he4/9646199504926.jpg"},{"title":"ELPOZO pechuga de pavo en lonchas envase 225 gr","price":"2,25 €","pricePerUnit":"(10,00 €/Kg.)","imgUrl":"https://s0.dia.es/medias/h95/heb/9661626515486.jpg"},{"title":"ELPOZO pechuga de pavo lonchas extrafinas sobre 110 gr","price":"1,00 €","pricePerUnit":"(11,11 €/Kg.)","imgUrl":"https://s3.dia.es/medias/h85/hca/9647197913118.jpg"},{"title":"ELPOZO pechuga de pollo en lonchas envase 250 gr","price":"2,25 €","pricePerUnit":"(10,00 €/Kg.)","imgUrl":"https://s0.dia.es/medias/h22/h3f/9661623566366.jpg"},{"title":"FRIAL pechuga de pavo sobre 150 gr","price":"2,95 €","pricePerUnit":"(19,67 €/Kg.)","imgUrl":"https://s2.dia.es/medias/hb1/had/9592201281566.jpg"},{"title":"MONELLS fiambre pechuga de pavo finas lonchas envase 270 gr","price":"2,00 €","pricePerUnit":"(8,70 €/Kg.)","imgUrl":"https://s3.dia.es/medias/hee/h30/9667563323422.jpg"},{"title":"PAVOFRÍO pechuga de pavo asada al horno en lonchas sobre 100 gr","price":"1,39 €","pricePerUnit":"(13,90 €/Kg.)","imgUrl":"https://s2.dia.es/medias/h65/hea/9683337248798.jpg"},{"title":"PAVOFRÍO pechuga de pavo braseada envase 380 gr","price":"3,40 €","pricePerUnit":"(8,95 €/Kg.)","imgUrl":"https://s1.dia.es/medias/h20/hf9/9628951183390.jpg"},{"title":"PAVOFRÍO pechuga de pavo lonchas envase 90 gr","price":"1,00 €","pricePerUnit":"(12,50 €/Kg.)","imgUrl":"https://s1.dia.es/medias/h7c/h43/9663341330462.jpg"},{"title":"PAVOFRÍO pechuga de pavo mini envase 380 g","price":"3,25 €","pricePerUnit":"(8,55 €/Kg.)","imgUrl":"https://s2.dia.es/medias/h74/h04/9628950200350.jpg"}]},"jamon-cocido-york":{"categoryUrl":"/compra-online/productos/charcuteria-y-quesos/cocido/jamon-cocido-york/c/WEB.002.006.00050","products":[{"title":"ARGAL Bonnatur jamón cocido finas lonchas sobre 160 gr","price":"2,05 €","pricePerUnit":"(12,81 €/Kg.)","imgUrl":"https://s3.dia.es/medias/h12/h91/9677933838366.jpg"},{"title":"CAMPOFRIO jamón cocido finas lonchas extrajugosas sobre 90 g","price":"1,00 €","pricePerUnit":"(11,11 €/Kg.)","imgUrl":"https://s3.dia.es/medias/he7/hb6/9628950528030.jpg"},{"title":"CAMPOFRÍO Finissimas jamón cocido extra en lonchas envase 110 gr","price":"1,55 €","pricePerUnit":"(14,09 €/Kg.)","imgUrl":"https://s0.dia.es/medias/h0a/h85/9683275055134.jpg"},{"title":"CAMPOFRÍO Finissimas jamón cocido extra sobre 115 gr","price":"1,79 €\n\t\t\t\t\t\t\t1,49 €","pricePerUnit":"(15,57 €/Kg.)\n\t\t\t\t\t\t\t (12,96 €/Kg.)","imgUrl":"https://s0.dia.es/medias/hf8/h66/9628948234270.jpg"},{"title":"CAMPOFRÍO jamón cocido sobre 100 g","price":"1,00 €","pricePerUnit":"(11,11 €/Kg.)","imgUrl":"https://s3.dia.es/medias/hc7/hb7/9663337725982.jpg"},{"title":"CAMPOFRÍO Vegalia lonchas vegetarianas a las hierbas sobre 100 gr","price":"1,59 €","pricePerUnit":"(15,90 €/Kg.)","imgUrl":"https://s0.dia.es/medias/h59/h85/9257676046366.jpg"},{"title":"CASATARRADELLAS jamón cocido finas lonchas sobre 125 gr","price":"1,72 €","pricePerUnit":"(13,76 €/Kg.)","imgUrl":"https://s2.dia.es/medias/h3c/h94/9573925158942.jpg"},{"title":"DIA cabeza de jabalí sobre 200 gr","price":"1,45 €","pricePerUnit":"(7,25 €/Kg.)","imgUrl":"https://s3.dia.es/medias/hdd/h11/8849701240862.png"},{"title":"DIA fiambre de sandwich sobre 250 gr","price":"1,40 €","pricePerUnit":"(5,60 €/Kg.)","imgUrl":"https://s2.dia.es/medias/hb9/hc0/9114707951646.jpg"},{"title":"DIA jamón cocido en lonchas finas sobre 130 gr","price":"1,00 €","pricePerUnit":"(7,69 €/Kg.)","imgUrl":"https://s2.dia.es/medias/hf6/h88/9573908348958.jpg"},{"title":"DIA jamón cocido extra sobre 250 gr","price":"1,72 €","pricePerUnit":"(6,88 €/Kg.)","imgUrl":"https://s2.dia.es/medias/h77/h9b/9252418551838.jpg"},{"title":"DIA jamón cocido finas lonchas sobre 300 gr","price":"2,00 €","pricePerUnit":"(6,67 €/Kg.)","imgUrl":"https://s1.dia.es/medias/h74/h85/8984093917214.jpg"},{"title":"ELPOZO All natural jamón cocido en lonchas sobre 120 gr","price":"1,50 €","pricePerUnit":"(10,71 €/Kg.)","imgUrl":"https://s0.dia.es/medias/h6b/h39/9644405293086.jpg"},{"title":"ELPOZO Bienstar jamón cocido finas lonchas bajo en sal sobre 90 gr","price":"1,00 €","pricePerUnit":"(11,76 €/Kg.)","imgUrl":"https://s2.dia.es/medias/hb7/h59/9680326590494.jpg"},{"title":"ELPOZO jamón cocido extra artesano corte fresco finas lonchas envase 120 gr","price":"1,89 €","pricePerUnit":"(15,75 €/Kg.)","imgUrl":"https://s3.dia.es/medias/h08/h93/9550057570334.jpg"},{"title":"ELPOZO jamón cocido extra artesano sobre 200 gr","price":"2,25 €","pricePerUnit":"(11,84 €/Kg.)","imgUrl":"https://s3.dia.es/medias/h6f/h65/9646242103326.jpg"},{"title":"ELPOZO jamón cocido extra en lonchas sobre 250 gr","price":"2,25 €","pricePerUnit":"(10,00 €/Kg.)","imgUrl":"https://s1.dia.es/medias/h18/hbf/9661628481566.jpg"},{"title":"ELPOZO jamón cocido I en lonchas sobre 150 gr","price":"1,00 €","pricePerUnit":"(7,69 €/Kg.)","imgUrl":"https://s0.dia.es/medias/he7/h99/9661624877086.jpg"},{"title":"ELPOZO york maxi pieza 600 gr","price":"2,00 €","pricePerUnit":"(4,00 €/Kg.)","imgUrl":"https://s1.dia.es/medias/h49/haa/9678029586462.jpg"},{"title":"ELPOZO york sandwich en lonchas envase 375 gr","price":"2,00 €","pricePerUnit":"(5,33 €/Kg.)","imgUrl":"https://s1.dia.es/medias/hfc/h72/9594245218334.jpg"},{"title":"MONELLS jamón cocido finas lonchas sobre 270 gr","price":"2,00 €","pricePerUnit":"(8,70 €/Kg.)","imgUrl":"https://s3.dia.es/medias/h07/h57/9667540123678.jpg"},{"title":"NOEL grand bouquet jamón cocido extra sobre 200 g","price":"1,85 €","pricePerUnit":"(10,28 €/Kg.)","imgUrl":"https://s3.dia.es/medias/hb1/hd3/9114661421086.jpg"}]},"mortadela-y-chopped":{"categoryUrl":"/compra-online/productos/charcuteria-y-quesos/cocido/mortadela-y-chopped/c/WEB.002.006.00051","products":[{"title":"DIA chopped de cerdo cocido en lonchas sobre 250 gr","price":"1,52 €","pricePerUnit":"(6,08 €/Kg.)","imgUrl":"https://s0.dia.es/medias/hb2/hb0/8823032414238.png"},{"title":"DIA mortadela en lonchas sobre 250 gr","price":"0,80 €","pricePerUnit":"(3,20 €/Kg.)","imgUrl":"https://s3.dia.es/medias/h31/h27/9458543362078.jpg"},{"title":"ELPOZO chopped lata en lonchas sobre 250 gr","price":"1,79 €","pricePerUnit":"(7,16 €/Kg.)","imgUrl":"https://s1.dia.es/medias/h6a/h33/9594320027678.jpg"},{"title":"ELPOZO mortadela con aceitunas en lonchas envase 250 gr","price":"1,58 €","pricePerUnit":"(6,32 €/Kg.)","imgUrl":"https://s3.dia.es/medias/he5/h2c/9594264387614.jpg"},{"title":"ELPOZO mortadela siciliana en lonchas envase 250 gr","price":"1,58 €","pricePerUnit":"(6,32 €/Kg.)","imgUrl":"https://s3.dia.es/medias/ha7/hb9/9594323697694.jpg"},{"title":"MRM mortadela ahumada sobre 200 gr","price":"1,65 €","pricePerUnit":"(8,25 €/Kg.)","imgUrl":"https://s1.dia.es/medias/h58/h60/8877247791134.png"}]},"charcuteria-cocida-al-corte":{"categoryUrl":"/compra-online/productos/charcuteria-y-quesos/cocido/charcuteria-cocida-al-corte/c/WEB.002.006.00053","products":[{"title":"ARGAL Bonnatur jamón cocido finas lonchas sobre 160 gr","price":"2,05 €","pricePerUnit":"(12,81 €/Kg.)","imgUrl":"https://s3.dia.es/medias/h12/h91/9677933838366.jpg"},{"title":"BONNATUR pechuga de pavo finas lonchas envase 175 gr","price":"2,19 €","pricePerUnit":"(14,60 €/Kg.)","imgUrl":"https://s3.dia.es/medias/h1e/h08/9677920600094.jpg"},{"title":"CAMPOFRIO jamón cocido finas lonchas extrajugosas sobre 90 g","price":"1,00 €","pricePerUnit":"(11,11 €/Kg.)","imgUrl":"https://s3.dia.es/medias/he7/hb6/9628950528030.jpg"},{"title":"CAMPOFRÍO Cuidat+ chopped de pavo finas lonchas bajo en sal sobre 115 gr","price":"1,00 €","pricePerUnit":"(8,70 €/Kg.)","imgUrl":"https://s2.dia.es/medias/h6c/h91/9369610977310.jpg"},{"title":"CAMPOFRÍO Finissimas jamón cocido extra en lonchas envase 110 gr","price":"1,55 €","pricePerUnit":"(14,09 €/Kg.)","imgUrl":"https://s0.dia.es/medias/h0a/h85/9683275055134.jpg"},{"title":"CAMPOFRÍO Finissimas jamón cocido extra sobre 115 gr","price":"1,79 €\n\t\t\t\t\t\t\t1,49 €","pricePerUnit":"(15,57 €/Kg.)\n\t\t\t\t\t\t\t (12,96 €/Kg.)","imgUrl":"https://s0.dia.es/medias/hf8/h66/9628948234270.jpg"},{"title":"CAMPOFRÍO Finissimas pechuga de pavo braseado en lonchas sobre 115 gr","price":"1,69 €\n\t\t\t\t\t\t\t1,49 €","pricePerUnit":"(14,70 €/Kg.)\n\t\t\t\t\t\t\t (12,96 €/Kg.)","imgUrl":"https://s2.dia.es/medias/hdb/h32/9628946202654.jpg"},{"title":"CAMPOFRÍO Finissimas pechuga de pavo en lonchas envase 110 gr","price":"1,64 €","pricePerUnit":"(14,91 €/Kg.)","imgUrl":"https://s3.dia.es/medias/h7e/hfd/9683338559518.jpg"},{"title":"CAMPOFRÍO Finissimas pechuga de pavo sobre 115 gr","price":"1,79 €\n\t\t\t\t\t\t\t1,49 €","pricePerUnit":"(15,57 €/Kg.)\n\t\t\t\t\t\t\t (12,96 €/Kg.)","imgUrl":"https://s1.dia.es/medias/hba/h1c/9628946530334.jpg"},{"title":"CAMPOFRÍO jamón cocido sobre 100 g","price":"1,00 €","pricePerUnit":"(11,11 €/Kg.)","imgUrl":"https://s3.dia.es/medias/hc7/hb7/9663337725982.jpg"},{"title":"CAMPOFRÍO pechuga de pollo extrajugosa en lonchas sobre 90 gr","price":"1,00 €","pricePerUnit":"(11,11 €/Kg.)","imgUrl":"https://s1.dia.es/medias/h22/h87/9683277021214.jpg"},{"title":"CAMPOFRÍO Vegalia lonchas vegetarianas a las hierbas sobre 100 gr","price":"1,59 €","pricePerUnit":"(15,90 €/Kg.)","imgUrl":"https://s0.dia.es/medias/h59/h85/9257676046366.jpg"},{"title":"CASATARRADELLAS cintas de bacon envase 2x100 g","price":"1,72 €","pricePerUnit":"(8,60 €/Kg.)","imgUrl":"https://s3.dia.es/medias/hf5/h06/9573930631198.jpg"},{"title":"CASATARRADELLAS jamón cocido finas lonchas sobre 125 gr","price":"1,72 €","pricePerUnit":"(13,76 €/Kg.)","imgUrl":"https://s2.dia.es/medias/h3c/h94/9573925158942.jpg"},{"title":"DIA bacon lonchas sobre 200 gr","price":"1,48 €","pricePerUnit":"(7,40 €/Kg.)","imgUrl":"https://s3.dia.es/medias/h09/h65/9082970931230.jpg"},{"title":"DIA cabeza de jabalí sobre 200 gr","price":"1,45 €","pricePerUnit":"(7,25 €/Kg.)","imgUrl":"https://s3.dia.es/medias/hdd/h11/8849701240862.png"},{"title":"DIA chopped de cerdo cocido en lonchas sobre 250 gr","price":"1,52 €","pricePerUnit":"(6,08 €/Kg.)","imgUrl":"https://s0.dia.es/medias/hb2/hb0/8823032414238.png"},{"title":"DIA chorizo de pavo lonchas envase 150 gr","price":"1,89 €","pricePerUnit":"(12,60 €/Kg.)","imgUrl":"https://s3.dia.es/medias/hf4/he9/8824000282654.png"},{"title":"DIA fiambre de sandwich sobre 250 gr","price":"1,40 €","pricePerUnit":"(5,60 €/Kg.)","imgUrl":"https://s2.dia.es/medias/hb9/hc0/9114707951646.jpg"},{"title":"DIA jamón cocido en lonchas finas sobre 130 gr","price":"1,00 €","pricePerUnit":"(7,69 €/Kg.)","imgUrl":"https://s2.dia.es/medias/hf6/h88/9573908348958.jpg"},{"title":"DIA jamón cocido extra sobre 250 gr","price":"1,72 €","pricePerUnit":"(6,88 €/Kg.)","imgUrl":"https://s2.dia.es/medias/h77/h9b/9252418551838.jpg"},{"title":"DIA jamón cocido finas lonchas sobre 300 gr","price":"2,00 €","pricePerUnit":"(6,67 €/Kg.)","imgUrl":"https://s1.dia.es/medias/h74/h85/8984093917214.jpg"},{"title":"DIA maxi pavo envase 900 gr","price":"2,00 €","pricePerUnit":"(2,22 €/Kg.)","imgUrl":"https://s2.dia.es/medias/hc3/h3a/9565288726558.jpg"},{"title":"DIA mortadela en lonchas sobre 250 gr","price":"0,80 €","pricePerUnit":"(3,20 €/Kg.)","imgUrl":"https://s3.dia.es/medias/h31/h27/9458543362078.jpg"},{"title":"DIA pechuga de pavo braseada finas lonchas envase 2x100 gr","price":"1,84 €","pricePerUnit":"(9,20 €/Kg.)","imgUrl":"https://s2.dia.es/medias/h7d/h5a/8823020290078.png"},{"title":"DIA pechuga de pavo envase 400 gr","price":"2,26 €","pricePerUnit":"(5,65 €/Kg.)","imgUrl":"https://s0.dia.es/medias/had/h62/8985058508830.jpg"},{"title":"DIA pechuga de pavo finas lonchas envase 300 gr","price":"2,00 €","pricePerUnit":"(6,67 €/Kg.)","imgUrl":"https://s1.dia.es/medias/h53/h24/9334526803998.jpg"},{"title":"DIA pechuguitas de pollo asada al horno en lonchas envase 100 gr","price":"1,99 €","pricePerUnit":"(19,90 €/Kg.)","imgUrl":"https://s1.dia.es/medias/hf1/hc6/8974117109790.jpg"},{"title":"DIA pollo trufado asado al horno en lonchas envase 100 gr","price":"2,19 €","pricePerUnit":"(21,90 €/Kg.)","imgUrl":"https://s1.dia.es/medias/hca/heb/9005697892382.jpg"},{"title":"DIA tiras de bacon envase 2 x 100 gr","price":"1,49 €","pricePerUnit":"(7,45 €/Kg.)","imgUrl":"https://s1.dia.es/medias/h3d/ha8/9142058319902.jpg"},{"title":"EL POZO pechuga de pavo mini pieza 380 gr","price":"2,00 €","pricePerUnit":"(5,26 €/Kg.)","imgUrl":"https://s3.dia.es/medias/h7b/hb6/9680376463390.jpg"},{"title":"ELPOZO All natural jamón cocido en lonchas sobre 120 gr","price":"1,50 €","pricePerUnit":"(10,71 €/Kg.)","imgUrl":"https://s0.dia.es/medias/h6b/h39/9644405293086.jpg"},{"title":"ELPOZO bacon en lonchas envase 120 gr","price":"1,00 €","pricePerUnit":"(10,00 €/Kg.)","imgUrl":"https://s2.dia.es/medias/he9/h5b/9681381392414.jpg"},{"title":"ELPOZO Bienstar jamón cocido finas lonchas bajo en sal sobre 90 gr","price":"1,00 €","pricePerUnit":"(11,76 €/Kg.)","imgUrl":"https://s2.dia.es/medias/hb7/h59/9680326590494.jpg"},{"title":"ELPOZO Bienstar pechuga de pavo 0% envase 400 gr","price":"2,99 €","pricePerUnit":"(7,87 €/Kg.)","imgUrl":"https://s1.dia.es/medias/h59/hbf/9680374824990.jpg"},{"title":"ELPOZO Bienstar pechuga de pavo en lonchas sobre 100 gr","price":"1,00 €","pricePerUnit":"(11,76 €/Kg.)","imgUrl":"https://s3.dia.es/medias/hb7/h5b/9680375152670.jpg"},{"title":"ELPOZO Bienstar pechuga de pavo finas lonchas bajo en sal sobre 100 gr","price":"1,00 €","pricePerUnit":"(11,76 €/Kg.)","imgUrl":"https://s1.dia.es/medias/h3f/h97/9680377118750.jpg"},{"title":"ELPOZO chopped lata en lonchas sobre 250 gr","price":"1,79 €","pricePerUnit":"(7,16 €/Kg.)","imgUrl":"https://s1.dia.es/medias/h6a/h33/9594320027678.jpg"},{"title":"ELPOZO chorizo de pavo en lonchas sobre 80 gr","price":"1,00 €","pricePerUnit":"(14,29 €/Kg.)","imgUrl":"https://s3.dia.es/medias/hb6/h4d/9594231062558.jpg"},{"title":"ELPOZO fiambre de pechuga de pavo en lonchas finas sobre 180 gr","price":"2,25 €","pricePerUnit":"(12,50 €/Kg.)","imgUrl":"https://s0.dia.es/medias/hf0/hd6/9594284343326.jpg"},{"title":"ELPOZO imperial con pavo pieza 235 gr","price":"2,00 €","pricePerUnit":"(8,70 €/Kg.)","imgUrl":"https://s0.dia.es/medias/h92/hc2/9594245546014.jpg"},{"title":"ELPOZO jamón cocido extra artesano corte fresco finas lonchas envase 120 gr","price":"1,89 €","pricePerUnit":"(15,75 €/Kg.)","imgUrl":"https://s3.dia.es/medias/h08/h93/9550057570334.jpg"},{"title":"ELPOZO jamón cocido extra artesano sobre 200 gr","price":"2,25 €","pricePerUnit":"(11,84 €/Kg.)","imgUrl":"https://s3.dia.es/medias/h6f/h65/9646242103326.jpg"},{"title":"ELPOZO jamón cocido extra en lonchas sobre 250 gr","price":"2,25 €","pricePerUnit":"(10,00 €/Kg.)","imgUrl":"https://s1.dia.es/medias/h18/hbf/9661628481566.jpg"},{"title":"ELPOZO jamón cocido I en lonchas sobre 150 gr","price":"1,00 €","pricePerUnit":"(7,69 €/Kg.)","imgUrl":"https://s0.dia.es/medias/he7/h99/9661624877086.jpg"},{"title":"ELPOZO mortadela con aceitunas en lonchas envase 250 gr","price":"1,58 €","pricePerUnit":"(6,32 €/Kg.)","imgUrl":"https://s3.dia.es/medias/he5/h2c/9594264387614.jpg"},{"title":"ELPOZO mortadela de pavo con aceitunas en lonchas envase 250 gr","price":"1,79 €","pricePerUnit":"(7,16 €/Kg.)","imgUrl":"https://s0.dia.es/medias/hfb/h8d/9594314129438.jpg"},{"title":"ELPOZO mortadela de pavo en lonchas envase 250 gr","price":"1,79 €","pricePerUnit":"(7,16 €/Kg.)","imgUrl":"https://s0.dia.es/medias/h3a/hca/9594289258526.jpg"},{"title":"ELPOZO mortadela siciliana en lonchas envase 250 gr","price":"1,58 €","pricePerUnit":"(6,32 €/Kg.)","imgUrl":"https://s3.dia.es/medias/ha7/hb9/9594323697694.jpg"},{"title":"ELPOZO pavo sandwich en lonchas envase 360 gr","price":"2,00 €","pricePerUnit":"(5,56 €/Kg.)","imgUrl":"https://s2.dia.es/medias/hdc/h58/9594301284382.jpg"},{"title":"ELPOZO pechuga de pavo braseada artesano corte fresco finas lonchas envase 120 gr","price":"1,89 €","pricePerUnit":"(15,75 €/Kg.)","imgUrl":"https://s0.dia.es/medias/h2a/he4/9646199504926.jpg"},{"title":"ELPOZO pechuga de pavo en lonchas envase 225 gr","price":"2,25 €","pricePerUnit":"(10,00 €/Kg.)","imgUrl":"https://s0.dia.es/medias/h95/heb/9661626515486.jpg"},{"title":"ELPOZO pechuga de pavo lonchas extrafinas sobre 110 gr","price":"1,00 €","pricePerUnit":"(11,11 €/Kg.)","imgUrl":"https://s3.dia.es/medias/h85/hca/9647197913118.jpg"},{"title":"ELPOZO pechuga de pollo en lonchas envase 250 gr","price":"2,25 €","pricePerUnit":"(10,00 €/Kg.)","imgUrl":"https://s0.dia.es/medias/h22/h3f/9661623566366.jpg"},{"title":"ELPOZO york maxi pieza 600 gr","price":"2,00 €","pricePerUnit":"(4,00 €/Kg.)","imgUrl":"https://s1.dia.es/medias/h49/haa/9678029586462.jpg"},{"title":"ELPOZO york sandwich en lonchas envase 375 gr","price":"2,00 €","pricePerUnit":"(5,33 €/Kg.)","imgUrl":"https://s1.dia.es/medias/hfc/h72/9594245218334.jpg"},{"title":"FRIAL pechuga de pavo sobre 150 gr","price":"2,95 €","pricePerUnit":"(19,67 €/Kg.)","imgUrl":"https://s2.dia.es/medias/hb1/had/9592201281566.jpg"},{"title":"MONELLS fiambre pechuga de pavo finas lonchas envase 270 gr","price":"2,00 €","pricePerUnit":"(8,70 €/Kg.)","imgUrl":"https://s3.dia.es/medias/hee/h30/9667563323422.jpg"},{"title":"MONELLS jamón cocido finas lonchas sobre 270 gr","price":"2,00 €","pricePerUnit":"(8,70 €/Kg.)","imgUrl":"https://s3.dia.es/medias/h07/h57/9667540123678.jpg"},{"title":"MRM mortadela ahumada sobre 200 gr","price":"1,65 €","pricePerUnit":"(8,25 €/Kg.)","imgUrl":"https://s1.dia.es/medias/h58/h60/8877247791134.png"},{"title":"NOEL grand bouquet jamón cocido extra sobre 200 g","price":"1,85 €","pricePerUnit":"(10,28 €/Kg.)","imgUrl":"https://s3.dia.es/medias/hb1/hd3/9114661421086.jpg"},{"title":"OSCAR MAYER bacon lonchas envase 150 gr","price":"2,20 €","pricePerUnit":"(14,67 €/Kg.)","imgUrl":"https://s3.dia.es/medias/hc1/h7b/9640377155614.jpg"},{"title":"PAVOFRÍO pechuga de pavo asada al horno en lonchas sobre 100 gr","price":"1,39 €","pricePerUnit":"(13,90 €/Kg.)","imgUrl":"https://s2.dia.es/medias/h65/hea/9683337248798.jpg"},{"title":"PAVOFRÍO pechuga de pavo braseada envase 380 gr","price":"3,40 €","pricePerUnit":"(8,95 €/Kg.)","imgUrl":"https://s1.dia.es/medias/h20/hf9/9628951183390.jpg"},{"title":"PAVOFRÍO pechuga de pavo lonchas envase 90 gr","price":"1,00 €","pricePerUnit":"(12,50 €/Kg.)","imgUrl":"https://s1.dia.es/medias/h7c/h43/9663341330462.jpg"},{"title":"PAVOFRÍO pechuga de pavo mini envase 380 g","price":"3,25 €","pricePerUnit":"(8,55 €/Kg.)","imgUrl":"https://s2.dia.es/medias/h74/h04/9628950200350.jpg"}]}},"curado":{"name":"Curado","productTypes":["chorizo","jamon","lomo","salchichon-y-salami","fuet-y-longaniza","surtido-de-embutidos","otros-curados","charcuteria-curada-al-corte"],"chorizo":{"categoryUrl":"/compra-online/productos/charcuteria-y-quesos/curado/chorizo/c/WEB.002.007.00053","products":[{"title":"ALEJANDRO chorizo troncal en lonchas sobre 100 gr","price":"2,50 €","pricePerUnit":"(25,00 €/Kg.)","imgUrl":"https://s0.dia.es/medias/h2a/h6c/9543798947870.jpg"},{"title":"BOADAS Mini chorizos envase 80 gr","price":"1,72 €","pricePerUnit":"(21,50 €/Kg.)","imgUrl":"https://s2.dia.es/medias/h2b/h78/9592246566942.jpg"},{"title":"CAMPOFRÍO mini stick de chorizo envase 50 gr","price":"1,55 €\n\t\t\t\t\t\t\t1,00 €","pricePerUnit":"(31,00 €/Kg.)\n\t\t\t\t\t\t\t (20,00 €/Kg.)","imgUrl":"https://s0.dia.es/medias/h95/h9e/9359266873374.jpg"},{"title":"Chistorra pieza 200 gr","price":"0,99 €","pricePerUnit":"(4,95 €/Kg.)","imgUrl":"https://s1.dia.es/medias/hba/h4d/8954938556446.png"},{"title":"DIA chistorra pieza 220 gr","price":"1,25 €","pricePerUnit":"(5,68 €/Kg.)","imgUrl":"https://s0.dia.es/medias/h79/hda/8822466773022.png"},{"title":"DIA chorizo de pamplona en lonchas sobre 225 gr","price":"1,49 €","pricePerUnit":"(6,62 €/Kg.)","imgUrl":"https://s1.dia.es/medias/h5b/h6a/8822415917086.png"},{"title":"DIA chorizo de pavo lonchas envase 150 gr","price":"1,89 €","pricePerUnit":"(12,60 €/Kg.)","imgUrl":"https://s3.dia.es/medias/hf4/he9/8824000282654.png"},{"title":"DIA chorizo extra sin colorantes pieza 385 gr","price":"3,35 €","pricePerUnit":"(8,70 €/Kg.)","imgUrl":"https://s0.dia.es/medias/h04/h3f/8823202807838.png"},{"title":"DIA chorizo sarta extra picante envase 280 gr","price":"1,99 €","pricePerUnit":"(7,11 €/Kg.)","imgUrl":"https://s3.dia.es/medias/hed/ha3/9198682996766.jpg"},{"title":"DIA chorizo sarta extra pieza 280 gr","price":"1,95 €","pricePerUnit":"(6,96 €/Kg.)","imgUrl":"https://s2.dia.es/medias/h77/h72/8822539649054.png"},{"title":"DIA DELICIOUS chorizo de león ahumado natural pieza 360 gr","price":"3,64 €","pricePerUnit":"(10,11 €/Kg.)","imgUrl":"https://s2.dia.es/medias/h1c/hd1/8831453036574.png"},{"title":"DIA DELICIOUS chorizo ibérico cular extra pieza 360 gr","price":"3,85 €","pricePerUnit":"(10,69 €/Kg.)","imgUrl":"https://s2.dia.es/medias/h0f/h1c/8980701708318.jpg"},{"title":"DIA DELICIOUS chorizo ibérico lonchas envase 100 gr","price":"1,95 €","pricePerUnit":"(19,50 €/Kg.)","imgUrl":"https://s1.dia.es/medias/hb5/h69/8849582227486.png"},{"title":"MANOLO chorizo extra pieza 500 gr","price":"4,85 €","pricePerUnit":"(9,70 €/Kg.)","imgUrl":"https://s2.dia.es/medias/h8b/h1b/9118237687838.jpg"},{"title":"NAVIDUL chorizo ibérico lonchas sobre 110 gr","price":"2,09 €","pricePerUnit":"(20,90 €/Kg.)","imgUrl":"https://s2.dia.es/medias/ha8/hf3/9663340019742.jpg"},{"title":"PALACIOS chorizo ibérico pieza 250 gr","price":"3,59 €","pricePerUnit":"(14,36 €/Kg.)","imgUrl":"https://s0.dia.es/medias/hbb/hb5/9667599958046.jpg"},{"title":"PALACIOS chorizo sarta picante pieza 250 gr","price":"3,19 €","pricePerUnit":"(12,76 €/Kg.)","imgUrl":"https://s1.dia.es/medias/h81/hed/9667581935646.jpg"},{"title":"PALACIOS chorizo sarta pieza 250 gr","price":"3,19 €","pricePerUnit":"(12,76 €/Kg.)","imgUrl":"https://s0.dia.es/medias/hb2/h75/9667590291486.jpg"},{"title":"REVILLA chorizo pamplona lonchas sobre 85 gr","price":"1,00 €","pricePerUnit":"(14,29 €/Kg.)","imgUrl":"https://s2.dia.es/medias/hdc/h8b/9663469289502.jpg"},{"title":"REVILLA chorizo tradición en lonchas sobre 70 gr","price":"1,00 €","pricePerUnit":"(14,29 €/Kg.)","imgUrl":"https://s3.dia.es/medias/he1/h97/9683294519326.jpg"},{"title":"VILLAR chorizo ibérico extra pieza 200 gr","price":"2,60 €","pricePerUnit":"(13,00 €/Kg.)","imgUrl":"https://s3.dia.es/medias/hc7/h3e/9326245576734.jpg"},{"title":"VILLAR chorizo pata negra en lonchas sobre 100 gr","price":"1,89 €","pricePerUnit":"(18,90 €/Kg.)","imgUrl":"https://s3.dia.es/medias/h2a/h6b/8923200258078.jpg"}]},"jamon":{"categoryUrl":"/compra-online/productos/charcuteria-y-quesos/curado/jamon/c/WEB.002.007.00055","products":[{"title":"ARROYO Gourmet jamón serrano en lonchas sobre 250 gr","price":"3,00 €","pricePerUnit":"(12,00 €/Kg.)","imgUrl":"https://s2.dia.es/medias/hfd/hcf/9005676331038.jpg"},{"title":"ARROYO Gourmet taquitos de jamón serrano envase 2 x 60 gr","price":"1,75 €","pricePerUnit":"(14 583,33 €/Kg.)","imgUrl":"https://s3.dia.es/medias/h6c/h4f/9005669908510.jpg"},{"title":"BOADAS jamón serrano gran reserva lonchas sobre 80 gr","price":"2,40 €","pricePerUnit":"(30,00 €/Kg.)","imgUrl":"https://s1.dia.es/medias/h6f/h9e/9025669726238.jpg"},{"title":"DIA DELICIOUS jamón ibérico lonchas sobre 100 g","price":"5,15 €","pricePerUnit":"(51,50 €/Kg.)","imgUrl":"https://s1.dia.es/medias/h19/hea/8849831264286.png"},{"title":"DIA DELICIOUS paleta ibérica lonchas sobre 100 gr","price":"4,19 €","pricePerUnit":"(41,90 €/Kg.)","imgUrl":"https://s0.dia.es/medias/ha5/h8f/8849817632798.png"},{"title":"DIA jamón curado medias lonchas envase 70 gr","price":"1,00 €","pricePerUnit":"(14,29 €/Kg.)","imgUrl":"https://s0.dia.es/medias/h58/h46/8823952572446.png"},{"title":"DIA jamón serrano lonchas extra finas sobre 120 gr","price":"1,99 €","pricePerUnit":"(16,58 €/Kg.)","imgUrl":"https://s2.dia.es/medias/hc5/h25/8969189818398.jpg"},{"title":"DIA jamón serrano sobre 240 gr","price":"3,29 €","pricePerUnit":"(13,71 €/Kg.)","imgUrl":"https://s0.dia.es/medias/hb6/h11/9071797043230.jpg"},{"title":"DIA mini taquitos de jamón curado  envase 2 x 75 gr","price":"1,79 €","pricePerUnit":"(11,93 €/Kg.)","imgUrl":"https://s0.dia.es/medias/h7e/h2c/8828643803166.png"},{"title":"DIA paleta curada lonchas sobre 240 gr","price":"3,11 €","pricePerUnit":"(12,96 €/Kg.)","imgUrl":"https://s3.dia.es/medias/hfd/h51/8823731322910.png"},{"title":"ELPOZO jamón curado medias lonchas pack 4 x 45 gr","price":"3,00 €","pricePerUnit":"(16,67 €/Kg.)","imgUrl":"https://s2.dia.es/medias/h6b/h1b/9594311835678.jpg"},{"title":"ELPOZO Selección jamón curado finas lonchas sobre 90 gr","price":"1,50 €","pricePerUnit":"(16,67 €/Kg.)","imgUrl":"https://s2.dia.es/medias/hf7/heb/9594231717918.jpg"},{"title":"LA HOGUERA paleta raza duroc sobre 150 gr","price":"2,59 €","pricePerUnit":"(17,27 €/Kg.)","imgUrl":"https://s3.dia.es/medias/hf3/hc0/8979797049374.jpg"},{"title":"LEGADO jamón de cebo ibérico pieza (peso aprox. 7.5 Kg)","price":"149,00 €","pricePerUnit":"(19,87 €/Kg.)","imgUrl":"https://s0.dia.es/medias/ha1/h2b/9651358892062.jpg"},{"title":"NAVIDUL jamón curado bajo en sal envase 50 gr","price":"1,00 €","pricePerUnit":"(20,00 €/Kg.)","imgUrl":"https://s3.dia.es/medias/h73/hea/9556113424414.jpg"},{"title":"NAVIDUL jamón curado en lonchas sobre 150 gr","price":"2,99 €","pricePerUnit":"(19,93 €/Kg.)","imgUrl":"https://s0.dia.es/medias/h2b/h19/9556108181534.jpg"},{"title":"NAVIDUL jamón curado en lonchas sobre 160 gr","price":"2,99 €","pricePerUnit":"(18,69 €/Kg.)","imgUrl":"https://s0.dia.es/medias/h05/hc4/9589903753246.jpg"},{"title":"NAVIDUL jamón curado lonchas 55 g","price":"1,00 €","pricePerUnit":"(18,18 €/Kg.)","imgUrl":"https://s2.dia.es/medias/h22/h1a/9587787431966.jpg"},{"title":"NAVIDUL jamón curado medias lonchas bipack 160 gr","price":"3,09 €","pricePerUnit":"(19,31 €/Kg.)","imgUrl":"https://s2.dia.es/medias/h3b/hc9/9589855518750.jpg"},{"title":"NAVIDUL jamón de cebo ibérico de extremadura sobre 110 gr","price":"6,99 €","pricePerUnit":"(63,55 €/Kg.)","imgUrl":"https://s3.dia.es/medias/h1f/h9f/9586965905438.jpg"},{"title":"NAVIDUL jamón reserva cuatro estaciones pieza (peso aprox. 7 Kg)","price":"69,00 €","pricePerUnit":"(9,86 €/Kg.)","imgUrl":"https://s2.dia.es/medias/h78/h56/9193790341150.jpg"},{"title":"NAVIDUL paleta ibérica de cebo de extremadura en lonchas sobre 104 gr","price":"5,99 €","pricePerUnit":"(57,60 €/Kg.)","imgUrl":"https://s1.dia.es/medias/h7a/hc4/9586975080478.jpg"},{"title":"NAVIDUL taquitos de jamón curado envase 65 gr","price":"1,00 €","pricePerUnit":"(16,67 €/Kg.)","imgUrl":"https://s0.dia.es/medias/h74/h15/9664451248158.jpg"},{"title":"NAVIDUL taquitos de jamón para cocinar envase 135 gr","price":"2,00 €","pricePerUnit":"(16,67 €/Kg.)","imgUrl":"https://s0.dia.es/medias/hab/ha4/9664544440350.jpg"},{"title":"SANCHÉZ ALCARAZ jamón de cebo ibérico 50% pieza (peso aprox. 7.5 Kg)","price":"139,00 €","pricePerUnit":"(17,38 €/Kg.)","imgUrl":"https://s3.dia.es/medias/h6a/h94/9651345588254.jpg"},{"title":"TRONCO BRETAN jamón gran reserva sobre 100 gr","price":"3,15 €","pricePerUnit":"(31,50 €/Kg.)","imgUrl":"https://s1.dia.es/medias/h18/h8e/9115193344030.jpg"},{"title":"VILLAR jamón ibérico de bellota envase 80 gr","price":"10,50 €","pricePerUnit":"(131,25 €/Kg.)","imgUrl":"https://s2.dia.es/medias/h17/h5a/9326240006174.jpg"},{"title":"VILLAR jamón ibérico lonchas sobre 100 gr","price":"6,45 €","pricePerUnit":"(64,50 €/Kg.)","imgUrl":"https://s2.dia.es/medias/h93/h49/8979672268830.jpg"},{"title":"VILLAR paleta de cebo ibérica sobre 100 gr","price":"6,20 €","pricePerUnit":"(62,00 €/Kg.)","imgUrl":"https://s1.dia.es/medias/h60/h15/9092660920350.jpg"}]},"lomo":{"categoryUrl":"/compra-online/productos/charcuteria-y-quesos/curado/lomo/c/WEB.002.007.00056","products":[{"title":"DIA cabecero de lomo lonchas envase 2 x 60 gr","price":"1,72 €","pricePerUnit":"(14,33 €/Kg.)","imgUrl":"https://s3.dia.es/medias/h2d/hb5/8969196961822.jpg"},{"title":"DIA DELICIOUS lomo de cebo ibérico envase 100 gr","price":"3,43 €","pricePerUnit":"(34,30 €/Kg.)","imgUrl":"https://s0.dia.es/medias/h16/h78/8849630461982.png"},{"title":"DIA lomo embuchado pieza 400 gr","price":"6,49 €","pricePerUnit":"(16,23 €/Kg.)","imgUrl":"https://s2.dia.es/medias/hea/h3e/8849684463646.png"},{"title":"DIA lomo lonchas sobre 2 x 60 gr","price":"1,77 €","pricePerUnit":"(14,75 €/Kg.)","imgUrl":"https://s2.dia.es/medias/hba/hd4/9565889593374.jpg"},{"title":"LA HOGUERA cabecero de lomo en lonchas envase 100 gr","price":"1,95 €","pricePerUnit":"(19,50 €/Kg.)","imgUrl":"https://s3.dia.es/medias/ha4/hb5/8984739905566.jpg"},{"title":"LA HOGUERA cabecero de lomo pieza 400 gr","price":"5,10 €","pricePerUnit":"(12,75 €/Kg.)","imgUrl":"https://s1.dia.es/medias/h26/h7d/8984732041246.jpg"},{"title":"NAVIDUL caña de lomo bajo en sal en lonchas sobre 40 gr","price":"1,00 €","pricePerUnit":"(25,00 €/Kg.)","imgUrl":"https://s2.dia.es/medias/h3a/he3/9683275382814.jpg"},{"title":"NAVIDUL caña de lomo en lonchas sobre 45 gr","price":"1,00 €","pricePerUnit":"(22,22 €/Kg.)","imgUrl":"https://s2.dia.es/medias/h9a/hd0/9683276038174.jpg"},{"title":"NOBLEZA CASTELLANA lomo de cebo ibérico 375 gr","price":"16,95 €","pricePerUnit":"(45,20 €/Kg.)","imgUrl":"https://s3.dia.es/medias/h7e/hbf/8879393046558.png"},{"title":"VILLAR cabecera de lomo embuchada pieza 300 gr","price":"4,85 €","pricePerUnit":"(16,17 €/Kg.)","imgUrl":"https://s3.dia.es/medias/h67/hd4/9592221335582.jpg"},{"title":"VILLAR lomo embuchado pieza 360 gr","price":"6,35 €","pricePerUnit":"(17,64 €/Kg.)","imgUrl":"https://s1.dia.es/medias/h14/h7c/9092320788510.jpg"}]},"salchichon-y-salami":{"categoryUrl":"/compra-online/productos/charcuteria-y-quesos/curado/salchichon-y-salami/c/WEB.002.007.00057","products":[{"title":"DIA DELICIOUS salchichón ibérico cular extra pieza 360 gr","price":"3,85 €","pricePerUnit":"(10,69 €/Kg.)","imgUrl":"https://s2.dia.es/medias/h1f/hef/8980754399262.jpg"},{"title":"DIA DELICIOUS salchichón ibérico lonchas envase 100 gr","price":"1,95 €","pricePerUnit":"(19,50 €/Kg.)","imgUrl":"https://s2.dia.es/medias/h5c/h95/8849831788574.png"},{"title":"DIA salami extra en lonchas sobre 225 gr","price":"1,34 €","pricePerUnit":"(5,96 €/Kg.)","imgUrl":"https://s2.dia.es/medias/h74/h2b/9082903232542.jpg"},{"title":"DIA salchichón a la pimienta envase 150 gr","price":"1,74 €","pricePerUnit":"(11,60 €/Kg.)","imgUrl":"https://s1.dia.es/medias/h8f/h46/8831447793694.png"},{"title":"DIA salchichón extra lonchas sobre 225 gr","price":"1,35 €","pricePerUnit":"(6,00 €/Kg.)","imgUrl":"https://s2.dia.es/medias/h6b/h35/8894437392414.png"},{"title":"ELPOZO imperial con pavo pieza 235 gr","price":"2,00 €","pricePerUnit":"(8,70 €/Kg.)","imgUrl":"https://s0.dia.es/medias/h92/hc2/9594245546014.jpg"},{"title":"MANOLO salchichón extra pieza 500 gr","price":"4,85 €","pricePerUnit":"(9,70 €/Kg.)","imgUrl":"https://s3.dia.es/medias/he0/ha2/9118238933022.jpg"},{"title":"NAVIDUL salchichón ibérico bandeja 50 gr","price":"1,00 €","pricePerUnit":"(22,22 €/Kg.)","imgUrl":"https://s1.dia.es/medias/h9c/h00/9663346573342.jpg"},{"title":"NAVIDUL salchichón ibérico lonchas sobre 110 gr","price":"2,09 €","pricePerUnit":"(20,90 €/Kg.)","imgUrl":"https://s1.dia.es/medias/h1d/hfb/9663335432222.jpg"},{"title":"REVILLA salami extra en lonchas sobre 70 gr","price":"1,00 €","pricePerUnit":"(14,29 €/Kg.)","imgUrl":"https://s2.dia.es/medias/h47/h27/9683280625694.jpg"},{"title":"REVILLA salchichón tradicional en lonchas sobre 70 gr","price":"1,00 €","pricePerUnit":"(14,29 €/Kg.)","imgUrl":"https://s0.dia.es/medias/h24/h39/9683285344286.jpg"}]},"fuet-y-longaniza":{"categoryUrl":"/compra-online/productos/charcuteria-y-quesos/curado/fuet-y-longaniza/c/WEB.002.007.00054","products":[{"title":"ARGAL fuet calidad extra 2 piezas 240 gr","price":"2,00 €","pricePerUnit":"(9,09 €/Kg.)","imgUrl":"https://s1.dia.es/medias/hc8/h8f/9677915619358.jpg"},{"title":"BOADAS longaniza de payes 80 gr","price":"1,68 €","pricePerUnit":"(21,00 €/Kg.)","imgUrl":"https://s3.dia.es/medias/h3e/h46/9005697499166.jpg"},{"title":"CAMPOFRÍO mini stick de fuet envase 50 gr","price":"1,55 €\n\t\t\t\t\t\t\t1,00 €","pricePerUnit":"(31,00 €/Kg.)\n\t\t\t\t\t\t\t (20,00 €/Kg.)","imgUrl":"https://s3.dia.es/medias/h7e/hfe/9663429050398.jpg"},{"title":"CASA TARRADELLAS espetec extra pieza 180 gr","price":"1,93 €","pricePerUnit":"(10,72 €/Kg.)","imgUrl":"https://s1.dia.es/medias/h03/h3f/9613884096542.jpg"},{"title":"CASA TARRADELLAS espetec pack 2 x 180 gr","price":"3,83 €","pricePerUnit":"(10,64 €/Kg.)","imgUrl":"https://s0.dia.es/medias/h6c/h12/9613894582302.jpg"},{"title":"DIA DELICIOUS longaniza de payés pieza 250 gr","price":"2,99 €","pricePerUnit":"(11,96 €/Kg.)","imgUrl":"https://s0.dia.es/medias/hd6/hfc/9160232239134.jpg"},{"title":"DIA espetec extra pieza 175 gr","price":"1,44 €","pricePerUnit":"(8,23 €/Kg.)","imgUrl":"https://s3.dia.es/medias/h46/h3c/8822372925470.png"},{"title":"DIA fuet envase 2 x 170 gr","price":"2,75 €","pricePerUnit":"(8,09 €/Kg.)","imgUrl":"https://s2.dia.es/medias/h4b/hdd/8956489302046.png"},{"title":"ELPOZO fuet casero pack 2 piezas 300 gr","price":"3,42 €","pricePerUnit":"(11,40 €/Kg.)","imgUrl":"https://s1.dia.es/medias/h91/h2b/9594296631326.jpg"},{"title":"ELPOZO fuet nobleza pieza 320 gr","price":"2,00 €","pricePerUnit":"(6,67 €/Kg.)","imgUrl":"https://s3.dia.es/medias/h97/hd6/9594311180318.jpg"},{"title":"ELPOZO longaniza imperial pieza 270 gr","price":"2,50 €","pricePerUnit":"(9,26 €/Kg.)","imgUrl":"https://s0.dia.es/medias/h7b/ha8/9594232373278.jpg"},{"title":"NAVIDUL fuet gran selección pieza 150 gr","price":"1,80 €","pricePerUnit":"(12,00 €/Kg.)","imgUrl":"https://s2.dia.es/medias/h71/h33/9500328886302.jpg"},{"title":"NAVIDUL fuet pieza 170 gr","price":"1,79 €","pricePerUnit":"(10,53 €/Kg.)","imgUrl":"https://s1.dia.es/medias/h92/h42/9500335439902.jpg"},{"title":"PAVOFRÍO mini fuet de pavo bolsa 50 gr","price":"1,15 €\n\t\t\t\t\t\t\t1,00 €","pricePerUnit":"(23,00 €/Kg.)\n\t\t\t\t\t\t\t (20,00 €/Kg.)","imgUrl":"https://s3.dia.es/medias/h1d/hf9/9340153954334.jpg"}]},"surtido-de-embutidos":{"categoryUrl":"/compra-online/productos/charcuteria-y-quesos/curado/surtido-de-embutidos/c/WEB.002.007.00058","products":[{"title":"DIA surtido chorizo y salchichón sobre 225 gr","price":"1,95 €","pricePerUnit":"(8,67 €/Kg.)","imgUrl":"https://s3.dia.es/medias/hb6/hfb/8894449451038.png"},{"title":"NAVIDUL surtido gourmet ibérico sobre 110 gr","price":"2,49 €","pricePerUnit":"(24,90 €/Kg.)","imgUrl":"https://s0.dia.es/medias/h7d/h54/9663340675102.jpg"}]},"otros-curados":{"categoryUrl":"/compra-online/productos/charcuteria-y-quesos/curado/otros-curados/c/WEB.002.007.00059","products":[{"title":"ALEJANDRO chorizo troncal en lonchas sobre 100 gr","price":"2,50 €","pricePerUnit":"(25,00 €/Kg.)","imgUrl":"https://s0.dia.es/medias/h2a/h6c/9543798947870.jpg"},{"title":"ARGAL fuet calidad extra 2 piezas 240 gr","price":"2,00 €","pricePerUnit":"(9,09 €/Kg.)","imgUrl":"https://s1.dia.es/medias/hc8/h8f/9677915619358.jpg"},{"title":"ARROYO Gourmet jamón serrano en lonchas sobre 250 gr","price":"3,00 €","pricePerUnit":"(12,00 €/Kg.)","imgUrl":"https://s2.dia.es/medias/hfd/hcf/9005676331038.jpg"},{"title":"ARROYO Gourmet taquitos de jamón serrano envase 2 x 60 gr","price":"1,75 €","pricePerUnit":"(14 583,33 €/Kg.)","imgUrl":"https://s3.dia.es/medias/h6c/h4f/9005669908510.jpg"},{"title":"BOADAS jamón serrano gran reserva lonchas sobre 80 gr","price":"2,40 €","pricePerUnit":"(30,00 €/Kg.)","imgUrl":"https://s1.dia.es/medias/h6f/h9e/9025669726238.jpg"},{"title":"BOADAS longaniza de payes 80 gr","price":"1,68 €","pricePerUnit":"(21,00 €/Kg.)","imgUrl":"https://s3.dia.es/medias/h3e/h46/9005697499166.jpg"},{"title":"BOADAS Mini chorizos envase 80 gr","price":"1,72 €","pricePerUnit":"(21,50 €/Kg.)","imgUrl":"https://s2.dia.es/medias/h2b/h78/9592246566942.jpg"},{"title":"CAMPOFRÍO mini stick de chorizo envase 50 gr","price":"1,55 €\n\t\t\t\t\t\t\t1,00 €","pricePerUnit":"(31,00 €/Kg.)\n\t\t\t\t\t\t\t (20,00 €/Kg.)","imgUrl":"https://s0.dia.es/medias/h95/h9e/9359266873374.jpg"},{"title":"CAMPOFRÍO mini stick de fuet envase 50 gr","price":"1,55 €\n\t\t\t\t\t\t\t1,00 €","pricePerUnit":"(31,00 €/Kg.)\n\t\t\t\t\t\t\t (20,00 €/Kg.)","imgUrl":"https://s3.dia.es/medias/h7e/hfe/9663429050398.jpg"},{"title":"CASA TARRADELLAS espetec extra pieza 180 gr","price":"1,93 €","pricePerUnit":"(10,72 €/Kg.)","imgUrl":"https://s1.dia.es/medias/h03/h3f/9613884096542.jpg"},{"title":"CASA TARRADELLAS espetec pack 2 x 180 gr","price":"3,83 €","pricePerUnit":"(10,64 €/Kg.)","imgUrl":"https://s0.dia.es/medias/h6c/h12/9613894582302.jpg"},{"title":"CATHEDRAL CITY queso cheddar curado 200 gr","price":"3,65 €","pricePerUnit":"(18,25 €/Kg.)","imgUrl":"https://s0.dia.es/medias/ha8/h1e/9652407369758.jpg"},{"title":"Chistorra pieza 200 gr","price":"0,99 €","pricePerUnit":"(4,95 €/Kg.)","imgUrl":"https://s1.dia.es/medias/hba/h4d/8954938556446.png"},{"title":"DIA cabecero de lomo lonchas envase 2 x 60 gr","price":"1,72 €","pricePerUnit":"(14,33 €/Kg.)","imgUrl":"https://s3.dia.es/medias/h2d/hb5/8969196961822.jpg"},{"title":"DIA chistorra pieza 220 gr","price":"1,25 €","pricePerUnit":"(5,68 €/Kg.)","imgUrl":"https://s0.dia.es/medias/h79/hda/8822466773022.png"},{"title":"DIA chorizo de pamplona en lonchas sobre 225 gr","price":"1,49 €","pricePerUnit":"(6,62 €/Kg.)","imgUrl":"https://s1.dia.es/medias/h5b/h6a/8822415917086.png"},{"title":"DIA chorizo de pavo lonchas envase 150 gr","price":"1,89 €","pricePerUnit":"(12,60 €/Kg.)","imgUrl":"https://s3.dia.es/medias/hf4/he9/8824000282654.png"},{"title":"DIA chorizo extra sin colorantes pieza 385 gr","price":"3,35 €","pricePerUnit":"(8,70 €/Kg.)","imgUrl":"https://s0.dia.es/medias/h04/h3f/8823202807838.png"},{"title":"DIA chorizo sarta extra picante envase 280 gr","price":"1,99 €","pricePerUnit":"(7,11 €/Kg.)","imgUrl":"https://s3.dia.es/medias/hed/ha3/9198682996766.jpg"},{"title":"DIA chorizo sarta extra pieza 280 gr","price":"1,95 €","pricePerUnit":"(6,96 €/Kg.)","imgUrl":"https://s2.dia.es/medias/h77/h72/8822539649054.png"},{"title":"DIA DELICIOUS chorizo de león ahumado natural pieza 360 gr","price":"3,64 €","pricePerUnit":"(10,11 €/Kg.)","imgUrl":"https://s2.dia.es/medias/h1c/hd1/8831453036574.png"},{"title":"DIA DELICIOUS chorizo ibérico cular extra pieza 360 gr","price":"3,85 €","pricePerUnit":"(10,69 €/Kg.)","imgUrl":"https://s2.dia.es/medias/h0f/h1c/8980701708318.jpg"},{"title":"DIA DELICIOUS jamón ibérico lonchas sobre 100 g","price":"5,15 €","pricePerUnit":"(51,50 €/Kg.)","imgUrl":"https://s1.dia.es/medias/h19/hea/8849831264286.png"},{"title":"DIA DELICIOUS lomo de cebo ibérico envase 100 gr","price":"3,43 €","pricePerUnit":"(34,30 €/Kg.)","imgUrl":"https://s0.dia.es/medias/h16/h78/8849630461982.png"},{"title":"DIA DELICIOUS longaniza de payés pieza 250 gr","price":"2,99 €","pricePerUnit":"(11,96 €/Kg.)","imgUrl":"https://s0.dia.es/medias/hd6/hfc/9160232239134.jpg"},{"title":"DIA DELICIOUS paleta ibérica lonchas sobre 100 gr","price":"4,19 €","pricePerUnit":"(41,90 €/Kg.)","imgUrl":"https://s0.dia.es/medias/ha5/h8f/8849817632798.png"},{"title":"DIA DELICIOUS salchichón ibérico cular extra pieza 360 gr","price":"3,85 €","pricePerUnit":"(10,69 €/Kg.)","imgUrl":"https://s2.dia.es/medias/h1f/hef/8980754399262.jpg"},{"title":"DIA DELICIOUS chorizo ibérico lonchas envase 100 gr","price":"1,95 €","pricePerUnit":"(19,50 €/Kg.)","imgUrl":"https://s1.dia.es/medias/hb5/h69/8849582227486.png"},{"title":"DIA DELICIOUS salchichón ibérico lonchas envase 100 gr","price":"1,95 €","pricePerUnit":"(19,50 €/Kg.)","imgUrl":"https://s2.dia.es/medias/h5c/h95/8849831788574.png"},{"title":"DIA espetec extra pieza 175 gr","price":"1,44 €","pricePerUnit":"(8,23 €/Kg.)","imgUrl":"https://s3.dia.es/medias/h46/h3c/8822372925470.png"},{"title":"DIA fuet envase 2 x 170 gr","price":"2,75 €","pricePerUnit":"(8,09 €/Kg.)","imgUrl":"https://s2.dia.es/medias/h4b/hdd/8956489302046.png"},{"title":"DIA jamón curado medias lonchas envase 70 gr","price":"1,00 €","pricePerUnit":"(14,29 €/Kg.)","imgUrl":"https://s0.dia.es/medias/h58/h46/8823952572446.png"},{"title":"DIA jamón serrano lonchas extra finas sobre 120 gr","price":"1,99 €","pricePerUnit":"(16,58 €/Kg.)","imgUrl":"https://s2.dia.es/medias/hc5/h25/8969189818398.jpg"},{"title":"DIA jamón serrano sobre 240 gr","price":"3,29 €","pricePerUnit":"(13,71 €/Kg.)","imgUrl":"https://s0.dia.es/medias/hb6/h11/9071797043230.jpg"},{"title":"DIA lomo embuchado pieza 400 gr","price":"6,49 €","pricePerUnit":"(16,23 €/Kg.)","imgUrl":"https://s2.dia.es/medias/hea/h3e/8849684463646.png"},{"title":"DIA lomo lonchas sobre 2 x 60 gr","price":"1,77 €","pricePerUnit":"(14,75 €/Kg.)","imgUrl":"https://s2.dia.es/medias/hba/hd4/9565889593374.jpg"},{"title":"DIA mini taquitos de jamón curado  envase 2 x 75 gr","price":"1,79 €","pricePerUnit":"(11,93 €/Kg.)","imgUrl":"https://s0.dia.es/medias/h7e/h2c/8828643803166.png"},{"title":"DIA paleta curada lonchas sobre 240 gr","price":"3,11 €","pricePerUnit":"(12,96 €/Kg.)","imgUrl":"https://s3.dia.es/medias/hfd/h51/8823731322910.png"},{"title":"DIA salami extra en lonchas sobre 225 gr","price":"1,34 €","pricePerUnit":"(5,96 €/Kg.)","imgUrl":"https://s2.dia.es/medias/h74/h2b/9082903232542.jpg"},{"title":"DIA salchichón a la pimienta envase 150 gr","price":"1,74 €","pricePerUnit":"(11,60 €/Kg.)","imgUrl":"https://s1.dia.es/medias/h8f/h46/8831447793694.png"},{"title":"DIA salchichón extra lonchas sobre 225 gr","price":"1,35 €","pricePerUnit":"(6,00 €/Kg.)","imgUrl":"https://s2.dia.es/medias/h6b/h35/8894437392414.png"},{"title":"DIA surtido chorizo y salchichón sobre 225 gr","price":"1,95 €","pricePerUnit":"(8,67 €/Kg.)","imgUrl":"https://s3.dia.es/medias/hb6/hfb/8894449451038.png"},{"title":"ELPOZO fuet casero pack 2 piezas 300 gr","price":"3,42 €","pricePerUnit":"(11,40 €/Kg.)","imgUrl":"https://s1.dia.es/medias/h91/h2b/9594296631326.jpg"},{"title":"ELPOZO fuet nobleza pieza 320 gr","price":"2,00 €","pricePerUnit":"(6,67 €/Kg.)","imgUrl":"https://s3.dia.es/medias/h97/hd6/9594311180318.jpg"},{"title":"ELPOZO imperial con pavo pieza 235 gr","price":"2,00 €","pricePerUnit":"(8,70 €/Kg.)","imgUrl":"https://s0.dia.es/medias/h92/hc2/9594245546014.jpg"},{"title":"ELPOZO jamón curado medias lonchas pack 4 x 45 gr","price":"3,00 €","pricePerUnit":"(16,67 €/Kg.)","imgUrl":"https://s2.dia.es/medias/h6b/h1b/9594311835678.jpg"},{"title":"ELPOZO longaniza imperial pieza 270 gr","price":"2,50 €","pricePerUnit":"(9,26 €/Kg.)","imgUrl":"https://s0.dia.es/medias/h7b/ha8/9594232373278.jpg"},{"title":"ELPOZO Selección jamón curado finas lonchas sobre 90 gr","price":"1,50 €","pricePerUnit":"(16,67 €/Kg.)","imgUrl":"https://s2.dia.es/medias/hf7/heb/9594231717918.jpg"},{"title":"LA HOGUERA cabecero de lomo en lonchas envase 100 gr","price":"1,95 €","pricePerUnit":"(19,50 €/Kg.)","imgUrl":"https://s3.dia.es/medias/ha4/hb5/8984739905566.jpg"},{"title":"LA HOGUERA cabecero de lomo pieza 400 gr","price":"5,10 €","pricePerUnit":"(12,75 €/Kg.)","imgUrl":"https://s1.dia.es/medias/h26/h7d/8984732041246.jpg"},{"title":"LA HOGUERA paleta raza duroc sobre 150 gr","price":"2,59 €","pricePerUnit":"(17,27 €/Kg.)","imgUrl":"https://s3.dia.es/medias/hf3/hc0/8979797049374.jpg"},{"title":"LEGADO jamón de cebo ibérico pieza (peso aprox. 7.5 Kg)","price":"149,00 €","pricePerUnit":"(19,87 €/Kg.)","imgUrl":"https://s0.dia.es/medias/ha1/h2b/9651358892062.jpg"},{"title":"MANOLO chorizo extra pieza 500 gr","price":"4,85 €","pricePerUnit":"(9,70 €/Kg.)","imgUrl":"https://s2.dia.es/medias/h8b/h1b/9118237687838.jpg"},{"title":"MANOLO salchichón extra pieza 500 gr","price":"4,85 €","pricePerUnit":"(9,70 €/Kg.)","imgUrl":"https://s3.dia.es/medias/he0/ha2/9118238933022.jpg"},{"title":"NAVIDUL caña de lomo bajo en sal en lonchas sobre 40 gr","price":"1,00 €","pricePerUnit":"(25,00 €/Kg.)","imgUrl":"https://s2.dia.es/medias/h3a/he3/9683275382814.jpg"},{"title":"NAVIDUL caña de lomo en lonchas sobre 45 gr","price":"1,00 €","pricePerUnit":"(22,22 €/Kg.)","imgUrl":"https://s2.dia.es/medias/h9a/hd0/9683276038174.jpg"},{"title":"NAVIDUL chorizo ibérico lonchas sobre 110 gr","price":"2,09 €","pricePerUnit":"(20,90 €/Kg.)","imgUrl":"https://s2.dia.es/medias/ha8/hf3/9663340019742.jpg"},{"title":"NAVIDUL fuet gran selección pieza 150 gr","price":"1,80 €","pricePerUnit":"(12,00 €/Kg.)","imgUrl":"https://s2.dia.es/medias/h71/h33/9500328886302.jpg"},{"title":"NAVIDUL fuet pieza 170 gr","price":"1,79 €","pricePerUnit":"(10,53 €/Kg.)","imgUrl":"https://s1.dia.es/medias/h92/h42/9500335439902.jpg"},{"title":"NAVIDUL jamón curado bajo en sal envase 50 gr","price":"1,00 €","pricePerUnit":"(20,00 €/Kg.)","imgUrl":"https://s3.dia.es/medias/h73/hea/9556113424414.jpg"},{"title":"NAVIDUL jamón curado en lonchas sobre 150 gr","price":"2,99 €","pricePerUnit":"(19,93 €/Kg.)","imgUrl":"https://s0.dia.es/medias/h2b/h19/9556108181534.jpg"},{"title":"NAVIDUL jamón curado en lonchas sobre 160 gr","price":"2,99 €","pricePerUnit":"(18,69 €/Kg.)","imgUrl":"https://s0.dia.es/medias/h05/hc4/9589903753246.jpg"},{"title":"NAVIDUL jamón curado lonchas 55 g","price":"1,00 €","pricePerUnit":"(18,18 €/Kg.)","imgUrl":"https://s2.dia.es/medias/h22/h1a/9587787431966.jpg"},{"title":"NAVIDUL jamón curado medias lonchas bipack 160 gr","price":"3,09 €","pricePerUnit":"(19,31 €/Kg.)","imgUrl":"https://s2.dia.es/medias/h3b/hc9/9589855518750.jpg"},{"title":"NAVIDUL jamón de cebo ibérico de extremadura sobre 110 gr","price":"6,99 €","pricePerUnit":"(63,55 €/Kg.)","imgUrl":"https://s3.dia.es/medias/h1f/h9f/9586965905438.jpg"},{"title":"NAVIDUL jamón reserva cuatro estaciones pieza (peso aprox. 7 Kg)","price":"69,00 €","pricePerUnit":"(9,86 €/Kg.)","imgUrl":"https://s2.dia.es/medias/h78/h56/9193790341150.jpg"},{"title":"NAVIDUL paleta ibérica de cebo de extremadura en lonchas sobre 104 gr","price":"5,99 €","pricePerUnit":"(57,60 €/Kg.)","imgUrl":"https://s1.dia.es/medias/h7a/hc4/9586975080478.jpg"},{"title":"NAVIDUL salchichón ibérico bandeja 50 gr","price":"1,00 €","pricePerUnit":"(22,22 €/Kg.)","imgUrl":"https://s1.dia.es/medias/h9c/h00/9663346573342.jpg"},{"title":"NAVIDUL salchichón ibérico lonchas sobre 110 gr","price":"2,09 €","pricePerUnit":"(20,90 €/Kg.)","imgUrl":"https://s1.dia.es/medias/h1d/hfb/9663335432222.jpg"},{"title":"NAVIDUL surtido gourmet ibérico sobre 110 gr","price":"2,49 €","pricePerUnit":"(24,90 €/Kg.)","imgUrl":"https://s0.dia.es/medias/h7d/h54/9663340675102.jpg"},{"title":"NAVIDUL taquitos de jamón curado envase 65 gr","price":"1,00 €","pricePerUnit":"(16,67 €/Kg.)","imgUrl":"https://s0.dia.es/medias/h74/h15/9664451248158.jpg"},{"title":"NAVIDUL taquitos de jamón para cocinar envase 135 gr","price":"2,00 €","pricePerUnit":"(16,67 €/Kg.)","imgUrl":"https://s0.dia.es/medias/hab/ha4/9664544440350.jpg"},{"title":"NOBLEZA CASTELLANA lomo de cebo ibérico 375 gr","price":"16,95 €","pricePerUnit":"(45,20 €/Kg.)","imgUrl":"https://s3.dia.es/medias/h7e/hbf/8879393046558.png"},{"title":"PALACIOS chorizo ibérico pieza 250 gr","price":"3,59 €","pricePerUnit":"(14,36 €/Kg.)","imgUrl":"https://s0.dia.es/medias/hbb/hb5/9667599958046.jpg"},{"title":"PALACIOS chorizo sarta picante pieza 250 gr","price":"3,19 €","pricePerUnit":"(12,76 €/Kg.)","imgUrl":"https://s1.dia.es/medias/h81/hed/9667581935646.jpg"},{"title":"PALACIOS chorizo sarta pieza 250 gr","price":"3,19 €","pricePerUnit":"(12,76 €/Kg.)","imgUrl":"https://s0.dia.es/medias/hb2/h75/9667590291486.jpg"},{"title":"PAVOFRÍO mini fuet de pavo bolsa 50 gr","price":"1,15 €\n\t\t\t\t\t\t\t1,00 €","pricePerUnit":"(23,00 €/Kg.)\n\t\t\t\t\t\t\t (20,00 €/Kg.)","imgUrl":"https://s3.dia.es/medias/h1d/hf9/9340153954334.jpg"},{"title":"REVILLA chorizo pamplona lonchas sobre 85 gr","price":"1,00 €","pricePerUnit":"(14,29 €/Kg.)","imgUrl":"https://s2.dia.es/medias/hdc/h8b/9663469289502.jpg"},{"title":"REVILLA chorizo tradición en lonchas sobre 70 gr","price":"1,00 €","pricePerUnit":"(14,29 €/Kg.)","imgUrl":"https://s3.dia.es/medias/he1/h97/9683294519326.jpg"},{"title":"REVILLA salami extra en lonchas sobre 70 gr","price":"1,00 €","pricePerUnit":"(14,29 €/Kg.)","imgUrl":"https://s2.dia.es/medias/h47/h27/9683280625694.jpg"},{"title":"REVILLA salchichón tradicional en lonchas sobre 70 gr","price":"1,00 €","pricePerUnit":"(14,29 €/Kg.)","imgUrl":"https://s0.dia.es/medias/h24/h39/9683285344286.jpg"},{"title":"SANCHÉZ ALCARAZ jamón de cebo ibérico 50% pieza (peso aprox. 7.5 Kg)","price":"139,00 €","pricePerUnit":"(17,38 €/Kg.)","imgUrl":"https://s3.dia.es/medias/h6a/h94/9651345588254.jpg"},{"title":"TRONCO BRETAN jamón gran reserva sobre 100 gr","price":"3,15 €","pricePerUnit":"(31,50 €/Kg.)","imgUrl":"https://s1.dia.es/medias/h18/h8e/9115193344030.jpg"},{"title":"VILLAR cabecera de lomo embuchada pieza 300 gr","price":"4,85 €","pricePerUnit":"(16,17 €/Kg.)","imgUrl":"https://s3.dia.es/medias/h67/hd4/9592221335582.jpg"},{"title":"VILLAR chorizo ibérico extra pieza 200 gr","price":"2,60 €","pricePerUnit":"(13,00 €/Kg.)","imgUrl":"https://s3.dia.es/medias/hc7/h3e/9326245576734.jpg"},{"title":"VILLAR chorizo pata negra en lonchas sobre 100 gr","price":"1,89 €","pricePerUnit":"(18,90 €/Kg.)","imgUrl":"https://s3.dia.es/medias/h2a/h6b/8923200258078.jpg"},{"title":"VILLAR jamón ibérico de bellota envase 80 gr","price":"10,50 €","pricePerUnit":"(131,25 €/Kg.)","imgUrl":"https://s2.dia.es/medias/h17/h5a/9326240006174.jpg"},{"title":"VILLAR jamón ibérico lonchas sobre 100 gr","price":"6,45 €","pricePerUnit":"(64,50 €/Kg.)","imgUrl":"https://s2.dia.es/medias/h93/h49/8979672268830.jpg"},{"title":"VILLAR lomo embuchado pieza 360 gr","price":"6,35 €","pricePerUnit":"(17,64 €/Kg.)","imgUrl":"https://s1.dia.es/medias/h14/h7c/9092320788510.jpg"},{"title":"VILLAR paleta de cebo ibérica sobre 100 gr","price":"6,20 €","pricePerUnit":"(62,00 €/Kg.)","imgUrl":"https://s1.dia.es/medias/h60/h15/9092660920350.jpg"}]},"charcuteria-curada-al-corte":{"categoryUrl":"/compra-online/productos/charcuteria-y-quesos/curado/charcuteria-curada-al-corte/c/WEB.002.007.00060","products":[{"title":"ALEJANDRO chorizo troncal en lonchas sobre 100 gr","price":"2,50 €","pricePerUnit":"(25,00 €/Kg.)","imgUrl":"https://s0.dia.es/medias/h2a/h6c/9543798947870.jpg"},{"title":"ARGAL fuet calidad extra 2 piezas 240 gr","price":"2,00 €","pricePerUnit":"(9,09 €/Kg.)","imgUrl":"https://s1.dia.es/medias/hc8/h8f/9677915619358.jpg"},{"title":"ARROYO Gourmet jamón serrano en lonchas sobre 250 gr","price":"3,00 €","pricePerUnit":"(12,00 €/Kg.)","imgUrl":"https://s2.dia.es/medias/hfd/hcf/9005676331038.jpg"},{"title":"ARROYO Gourmet taquitos de jamón serrano envase 2 x 60 gr","price":"1,75 €","pricePerUnit":"(14 583,33 €/Kg.)","imgUrl":"https://s3.dia.es/medias/h6c/h4f/9005669908510.jpg"},{"title":"BOADAS jamón serrano gran reserva lonchas sobre 80 gr","price":"2,40 €","pricePerUnit":"(30,00 €/Kg.)","imgUrl":"https://s1.dia.es/medias/h6f/h9e/9025669726238.jpg"},{"title":"BOADAS longaniza de payes 80 gr","price":"1,68 €","pricePerUnit":"(21,00 €/Kg.)","imgUrl":"https://s3.dia.es/medias/h3e/h46/9005697499166.jpg"},{"title":"BOADAS Mini chorizos envase 80 gr","price":"1,72 €","pricePerUnit":"(21,50 €/Kg.)","imgUrl":"https://s2.dia.es/medias/h2b/h78/9592246566942.jpg"},{"title":"CAMPOFRÍO mini stick de chorizo envase 50 gr","price":"1,55 €\n\t\t\t\t\t\t\t1,00 €","pricePerUnit":"(31,00 €/Kg.)\n\t\t\t\t\t\t\t (20,00 €/Kg.)","imgUrl":"https://s0.dia.es/medias/h95/h9e/9359266873374.jpg"},{"title":"CAMPOFRÍO mini stick de fuet envase 50 gr","price":"1,55 €\n\t\t\t\t\t\t\t1,00 €","pricePerUnit":"(31,00 €/Kg.)\n\t\t\t\t\t\t\t (20,00 €/Kg.)","imgUrl":"https://s3.dia.es/medias/h7e/hfe/9663429050398.jpg"},{"title":"CASA TARRADELLAS espetec extra pieza 180 gr","price":"1,93 €","pricePerUnit":"(10,72 €/Kg.)","imgUrl":"https://s1.dia.es/medias/h03/h3f/9613884096542.jpg"},{"title":"CASA TARRADELLAS espetec pack 2 x 180 gr","price":"3,83 €","pricePerUnit":"(10,64 €/Kg.)","imgUrl":"https://s0.dia.es/medias/h6c/h12/9613894582302.jpg"},{"title":"CATHEDRAL CITY queso cheddar curado 200 gr","price":"3,65 €","pricePerUnit":"(18,25 €/Kg.)","imgUrl":"https://s0.dia.es/medias/ha8/h1e/9652407369758.jpg"},{"title":"Chistorra pieza 200 gr","price":"0,99 €","pricePerUnit":"(4,95 €/Kg.)","imgUrl":"https://s1.dia.es/medias/hba/h4d/8954938556446.png"},{"title":"DIA cabecero de lomo lonchas envase 2 x 60 gr","price":"1,72 €","pricePerUnit":"(14,33 €/Kg.)","imgUrl":"https://s3.dia.es/medias/h2d/hb5/8969196961822.jpg"},{"title":"DIA chistorra pieza 220 gr","price":"1,25 €","pricePerUnit":"(5,68 €/Kg.)","imgUrl":"https://s0.dia.es/medias/h79/hda/8822466773022.png"},{"title":"DIA chorizo de pamplona en lonchas sobre 225 gr","price":"1,49 €","pricePerUnit":"(6,62 €/Kg.)","imgUrl":"https://s1.dia.es/medias/h5b/h6a/8822415917086.png"},{"title":"DIA chorizo de pavo lonchas envase 150 gr","price":"1,89 €","pricePerUnit":"(12,60 €/Kg.)","imgUrl":"https://s3.dia.es/medias/hf4/he9/8824000282654.png"},{"title":"DIA chorizo extra sin colorantes pieza 385 gr","price":"3,35 €","pricePerUnit":"(8,70 €/Kg.)","imgUrl":"https://s0.dia.es/medias/h04/h3f/8823202807838.png"},{"title":"DIA chorizo sarta extra picante envase 280 gr","price":"1,99 €","pricePerUnit":"(7,11 €/Kg.)","imgUrl":"https://s3.dia.es/medias/hed/ha3/9198682996766.jpg"},{"title":"DIA chorizo sarta extra pieza 280 gr","price":"1,95 €","pricePerUnit":"(6,96 €/Kg.)","imgUrl":"https://s2.dia.es/medias/h77/h72/8822539649054.png"},{"title":"DIA DELICIOUS chorizo de león ahumado natural pieza 360 gr","price":"3,64 €","pricePerUnit":"(10,11 €/Kg.)","imgUrl":"https://s2.dia.es/medias/h1c/hd1/8831453036574.png"},{"title":"DIA DELICIOUS chorizo ibérico cular extra pieza 360 gr","price":"3,85 €","pricePerUnit":"(10,69 €/Kg.)","imgUrl":"https://s2.dia.es/medias/h0f/h1c/8980701708318.jpg"},{"title":"DIA DELICIOUS jamón ibérico lonchas sobre 100 g","price":"5,15 €","pricePerUnit":"(51,50 €/Kg.)","imgUrl":"https://s1.dia.es/medias/h19/hea/8849831264286.png"},{"title":"DIA DELICIOUS lomo de cebo ibérico envase 100 gr","price":"3,43 €","pricePerUnit":"(34,30 €/Kg.)","imgUrl":"https://s0.dia.es/medias/h16/h78/8849630461982.png"},{"title":"DIA DELICIOUS longaniza de payés pieza 250 gr","price":"2,99 €","pricePerUnit":"(11,96 €/Kg.)","imgUrl":"https://s0.dia.es/medias/hd6/hfc/9160232239134.jpg"},{"title":"DIA DELICIOUS paleta ibérica lonchas sobre 100 gr","price":"4,19 €","pricePerUnit":"(41,90 €/Kg.)","imgUrl":"https://s0.dia.es/medias/ha5/h8f/8849817632798.png"},{"title":"DIA DELICIOUS salchichón ibérico cular extra pieza 360 gr","price":"3,85 €","pricePerUnit":"(10,69 €/Kg.)","imgUrl":"https://s2.dia.es/medias/h1f/hef/8980754399262.jpg"},{"title":"DIA DELICIOUS chorizo ibérico lonchas envase 100 gr","price":"1,95 €","pricePerUnit":"(19,50 €/Kg.)","imgUrl":"https://s1.dia.es/medias/hb5/h69/8849582227486.png"},{"title":"DIA DELICIOUS salchichón ibérico lonchas envase 100 gr","price":"1,95 €","pricePerUnit":"(19,50 €/Kg.)","imgUrl":"https://s2.dia.es/medias/h5c/h95/8849831788574.png"},{"title":"DIA espetec extra pieza 175 gr","price":"1,44 €","pricePerUnit":"(8,23 €/Kg.)","imgUrl":"https://s3.dia.es/medias/h46/h3c/8822372925470.png"},{"title":"DIA fuet envase 2 x 170 gr","price":"2,75 €","pricePerUnit":"(8,09 €/Kg.)","imgUrl":"https://s2.dia.es/medias/h4b/hdd/8956489302046.png"},{"title":"DIA jamón curado medias lonchas envase 70 gr","price":"1,00 €","pricePerUnit":"(14,29 €/Kg.)","imgUrl":"https://s0.dia.es/medias/h58/h46/8823952572446.png"},{"title":"DIA jamón serrano lonchas extra finas sobre 120 gr","price":"1,99 €","pricePerUnit":"(16,58 €/Kg.)","imgUrl":"https://s2.dia.es/medias/hc5/h25/8969189818398.jpg"},{"title":"DIA jamón serrano sobre 240 gr","price":"3,29 €","pricePerUnit":"(13,71 €/Kg.)","imgUrl":"https://s0.dia.es/medias/hb6/h11/9071797043230.jpg"},{"title":"DIA lomo embuchado pieza 400 gr","price":"6,49 €","pricePerUnit":"(16,23 €/Kg.)","imgUrl":"https://s2.dia.es/medias/hea/h3e/8849684463646.png"},{"title":"DIA lomo lonchas sobre 2 x 60 gr","price":"1,77 €","pricePerUnit":"(14,75 €/Kg.)","imgUrl":"https://s2.dia.es/medias/hba/hd4/9565889593374.jpg"},{"title":"DIA mini taquitos de jamón curado  envase 2 x 75 gr","price":"1,79 €","pricePerUnit":"(11,93 €/Kg.)","imgUrl":"https://s0.dia.es/medias/h7e/h2c/8828643803166.png"},{"title":"DIA paleta curada lonchas sobre 240 gr","price":"3,11 €","pricePerUnit":"(12,96 €/Kg.)","imgUrl":"https://s3.dia.es/medias/hfd/h51/8823731322910.png"},{"title":"DIA salami extra en lonchas sobre 225 gr","price":"1,34 €","pricePerUnit":"(5,96 €/Kg.)","imgUrl":"https://s2.dia.es/medias/h74/h2b/9082903232542.jpg"},{"title":"DIA salchichón a la pimienta envase 150 gr","price":"1,74 €","pricePerUnit":"(11,60 €/Kg.)","imgUrl":"https://s1.dia.es/medias/h8f/h46/8831447793694.png"},{"title":"DIA salchichón extra lonchas sobre 225 gr","price":"1,35 €","pricePerUnit":"(6,00 €/Kg.)","imgUrl":"https://s2.dia.es/medias/h6b/h35/8894437392414.png"},{"title":"DIA surtido chorizo y salchichón sobre 225 gr","price":"1,95 €","pricePerUnit":"(8,67 €/Kg.)","imgUrl":"https://s3.dia.es/medias/hb6/hfb/8894449451038.png"},{"title":"ELPOZO fuet casero pack 2 piezas 300 gr","price":"3,42 €","pricePerUnit":"(11,40 €/Kg.)","imgUrl":"https://s1.dia.es/medias/h91/h2b/9594296631326.jpg"},{"title":"ELPOZO fuet nobleza pieza 320 gr","price":"2,00 €","pricePerUnit":"(6,67 €/Kg.)","imgUrl":"https://s3.dia.es/medias/h97/hd6/9594311180318.jpg"},{"title":"ELPOZO imperial con pavo pieza 235 gr","price":"2,00 €","pricePerUnit":"(8,70 €/Kg.)","imgUrl":"https://s0.dia.es/medias/h92/hc2/9594245546014.jpg"},{"title":"ELPOZO jamón curado medias lonchas pack 4 x 45 gr","price":"3,00 €","pricePerUnit":"(16,67 €/Kg.)","imgUrl":"https://s2.dia.es/medias/h6b/h1b/9594311835678.jpg"},{"title":"ELPOZO longaniza imperial pieza 270 gr","price":"2,50 €","pricePerUnit":"(9,26 €/Kg.)","imgUrl":"https://s0.dia.es/medias/h7b/ha8/9594232373278.jpg"},{"title":"ELPOZO Selección jamón curado finas lonchas sobre 90 gr","price":"1,50 €","pricePerUnit":"(16,67 €/Kg.)","imgUrl":"https://s2.dia.es/medias/hf7/heb/9594231717918.jpg"},{"title":"LA HOGUERA cabecero de lomo en lonchas envase 100 gr","price":"1,95 €","pricePerUnit":"(19,50 €/Kg.)","imgUrl":"https://s3.dia.es/medias/ha4/hb5/8984739905566.jpg"},{"title":"LA HOGUERA cabecero de lomo pieza 400 gr","price":"5,10 €","pricePerUnit":"(12,75 €/Kg.)","imgUrl":"https://s1.dia.es/medias/h26/h7d/8984732041246.jpg"},{"title":"LA HOGUERA paleta raza duroc sobre 150 gr","price":"2,59 €","pricePerUnit":"(17,27 €/Kg.)","imgUrl":"https://s3.dia.es/medias/hf3/hc0/8979797049374.jpg"},{"title":"LEGADO jamón de cebo ibérico pieza (peso aprox. 7.5 Kg)","price":"149,00 €","pricePerUnit":"(19,87 €/Kg.)","imgUrl":"https://s0.dia.es/medias/ha1/h2b/9651358892062.jpg"},{"title":"MANOLO chorizo extra pieza 500 gr","price":"4,85 €","pricePerUnit":"(9,70 €/Kg.)","imgUrl":"https://s2.dia.es/medias/h8b/h1b/9118237687838.jpg"},{"title":"MANOLO salchichón extra pieza 500 gr","price":"4,85 €","pricePerUnit":"(9,70 €/Kg.)","imgUrl":"https://s3.dia.es/medias/he0/ha2/9118238933022.jpg"},{"title":"NAVIDUL caña de lomo bajo en sal en lonchas sobre 40 gr","price":"1,00 €","pricePerUnit":"(25,00 €/Kg.)","imgUrl":"https://s2.dia.es/medias/h3a/he3/9683275382814.jpg"},{"title":"NAVIDUL caña de lomo en lonchas sobre 45 gr","price":"1,00 €","pricePerUnit":"(22,22 €/Kg.)","imgUrl":"https://s2.dia.es/medias/h9a/hd0/9683276038174.jpg"},{"title":"NAVIDUL chorizo ibérico lonchas sobre 110 gr","price":"2,09 €","pricePerUnit":"(20,90 €/Kg.)","imgUrl":"https://s2.dia.es/medias/ha8/hf3/9663340019742.jpg"},{"title":"NAVIDUL fuet gran selección pieza 150 gr","price":"1,80 €","pricePerUnit":"(12,00 €/Kg.)","imgUrl":"https://s2.dia.es/medias/h71/h33/9500328886302.jpg"},{"title":"NAVIDUL fuet pieza 170 gr","price":"1,79 €","pricePerUnit":"(10,53 €/Kg.)","imgUrl":"https://s1.dia.es/medias/h92/h42/9500335439902.jpg"},{"title":"NAVIDUL jamón curado bajo en sal envase 50 gr","price":"1,00 €","pricePerUnit":"(20,00 €/Kg.)","imgUrl":"https://s3.dia.es/medias/h73/hea/9556113424414.jpg"},{"title":"NAVIDUL jamón curado en lonchas sobre 150 gr","price":"2,99 €","pricePerUnit":"(19,93 €/Kg.)","imgUrl":"https://s0.dia.es/medias/h2b/h19/9556108181534.jpg"},{"title":"NAVIDUL jamón curado en lonchas sobre 160 gr","price":"2,99 €","pricePerUnit":"(18,69 €/Kg.)","imgUrl":"https://s0.dia.es/medias/h05/hc4/9589903753246.jpg"},{"title":"NAVIDUL jamón curado lonchas 55 g","price":"1,00 €","pricePerUnit":"(18,18 €/Kg.)","imgUrl":"https://s2.dia.es/medias/h22/h1a/9587787431966.jpg"},{"title":"NAVIDUL jamón curado medias lonchas bipack 160 gr","price":"3,09 €","pricePerUnit":"(19,31 €/Kg.)","imgUrl":"https://s2.dia.es/medias/h3b/hc9/9589855518750.jpg"},{"title":"NAVIDUL jamón de cebo ibérico de extremadura sobre 110 gr","price":"6,99 €","pricePerUnit":"(63,55 €/Kg.)","imgUrl":"https://s3.dia.es/medias/h1f/h9f/9586965905438.jpg"},{"title":"NAVIDUL jamón reserva cuatro estaciones pieza (peso aprox. 7 Kg)","price":"69,00 €","pricePerUnit":"(9,86 €/Kg.)","imgUrl":"https://s2.dia.es/medias/h78/h56/9193790341150.jpg"},{"title":"NAVIDUL paleta ibérica de cebo de extremadura en lonchas sobre 104 gr","price":"5,99 €","pricePerUnit":"(57,60 €/Kg.)","imgUrl":"https://s1.dia.es/medias/h7a/hc4/9586975080478.jpg"},{"title":"NAVIDUL salchichón ibérico bandeja 50 gr","price":"1,00 €","pricePerUnit":"(22,22 €/Kg.)","imgUrl":"https://s1.dia.es/medias/h9c/h00/9663346573342.jpg"},{"title":"NAVIDUL salchichón ibérico lonchas sobre 110 gr","price":"2,09 €","pricePerUnit":"(20,90 €/Kg.)","imgUrl":"https://s1.dia.es/medias/h1d/hfb/9663335432222.jpg"},{"title":"NAVIDUL surtido gourmet ibérico sobre 110 gr","price":"2,49 €","pricePerUnit":"(24,90 €/Kg.)","imgUrl":"https://s0.dia.es/medias/h7d/h54/9663340675102.jpg"},{"title":"NAVIDUL taquitos de jamón curado envase 65 gr","price":"1,00 €","pricePerUnit":"(16,67 €/Kg.)","imgUrl":"https://s0.dia.es/medias/h74/h15/9664451248158.jpg"},{"title":"NAVIDUL taquitos de jamón para cocinar envase 135 gr","price":"2,00 €","pricePerUnit":"(16,67 €/Kg.)","imgUrl":"https://s0.dia.es/medias/hab/ha4/9664544440350.jpg"},{"title":"NOBLEZA CASTELLANA lomo de cebo ibérico 375 gr","price":"16,95 €","pricePerUnit":"(45,20 €/Kg.)","imgUrl":"https://s3.dia.es/medias/h7e/hbf/8879393046558.png"},{"title":"PALACIOS chorizo ibérico pieza 250 gr","price":"3,59 €","pricePerUnit":"(14,36 €/Kg.)","imgUrl":"https://s0.dia.es/medias/hbb/hb5/9667599958046.jpg"},{"title":"PALACIOS chorizo sarta picante pieza 250 gr","price":"3,19 €","pricePerUnit":"(12,76 €/Kg.)","imgUrl":"https://s1.dia.es/medias/h81/hed/9667581935646.jpg"},{"title":"PALACIOS chorizo sarta pieza 250 gr","price":"3,19 €","pricePerUnit":"(12,76 €/Kg.)","imgUrl":"https://s0.dia.es/medias/hb2/h75/9667590291486.jpg"},{"title":"PAVOFRÍO mini fuet de pavo bolsa 50 gr","price":"1,15 €\n\t\t\t\t\t\t\t1,00 €","pricePerUnit":"(23,00 €/Kg.)\n\t\t\t\t\t\t\t (20,00 €/Kg.)","imgUrl":"https://s3.dia.es/medias/h1d/hf9/9340153954334.jpg"},{"title":"REVILLA chorizo pamplona lonchas sobre 85 gr","price":"1,00 €","pricePerUnit":"(14,29 €/Kg.)","imgUrl":"https://s2.dia.es/medias/hdc/h8b/9663469289502.jpg"},{"title":"REVILLA chorizo tradición en lonchas sobre 70 gr","price":"1,00 €","pricePerUnit":"(14,29 €/Kg.)","imgUrl":"https://s3.dia.es/medias/he1/h97/9683294519326.jpg"},{"title":"REVILLA salami extra en lonchas sobre 70 gr","price":"1,00 €","pricePerUnit":"(14,29 €/Kg.)","imgUrl":"https://s2.dia.es/medias/h47/h27/9683280625694.jpg"},{"title":"REVILLA salchichón tradicional en lonchas sobre 70 gr","price":"1,00 €","pricePerUnit":"(14,29 €/Kg.)","imgUrl":"https://s0.dia.es/medias/h24/h39/9683285344286.jpg"},{"title":"SANCHÉZ ALCARAZ jamón de cebo ibérico 50% pieza (peso aprox. 7.5 Kg)","price":"139,00 €","pricePerUnit":"(17,38 €/Kg.)","imgUrl":"https://s3.dia.es/medias/h6a/h94/9651345588254.jpg"},{"title":"TRONCO BRETAN jamón gran reserva sobre 100 gr","price":"3,15 €","pricePerUnit":"(31,50 €/Kg.)","imgUrl":"https://s1.dia.es/medias/h18/h8e/9115193344030.jpg"},{"title":"VILLAR cabecera de lomo embuchada pieza 300 gr","price":"4,85 €","pricePerUnit":"(16,17 €/Kg.)","imgUrl":"https://s3.dia.es/medias/h67/hd4/9592221335582.jpg"},{"title":"VILLAR chorizo ibérico extra pieza 200 gr","price":"2,60 €","pricePerUnit":"(13,00 €/Kg.)","imgUrl":"https://s3.dia.es/medias/hc7/h3e/9326245576734.jpg"},{"title":"VILLAR chorizo pata negra en lonchas sobre 100 gr","price":"1,89 €","pricePerUnit":"(18,90 €/Kg.)","imgUrl":"https://s3.dia.es/medias/h2a/h6b/8923200258078.jpg"},{"title":"VILLAR jamón ibérico de bellota envase 80 gr","price":"10,50 €","pricePerUnit":"(131,25 €/Kg.)","imgUrl":"https://s2.dia.es/medias/h17/h5a/9326240006174.jpg"},{"title":"VILLAR jamón ibérico lonchas sobre 100 gr","price":"6,45 €","pricePerUnit":"(64,50 €/Kg.)","imgUrl":"https://s2.dia.es/medias/h93/h49/8979672268830.jpg"},{"title":"VILLAR lomo embuchado pieza 360 gr","price":"6,35 €","pricePerUnit":"(17,64 €/Kg.)","imgUrl":"https://s1.dia.es/medias/h14/h7c/9092320788510.jpg"},{"title":"VILLAR paleta de cebo ibérica sobre 100 gr","price":"6,20 €","pricePerUnit":"(62,00 €/Kg.)","imgUrl":"https://s1.dia.es/medias/h60/h15/9092660920350.jpg"}]}},"quesos":{"name":"Quesos","productTypes":["curados","semicurados","tiernos-y-light","cabra","oveja","azul-y-roquefort","barra","bola-edam-gouda-maasdam","brie-camembert-y-cremosos","emmental-y-gruyere","frescos-y-para-ensaladas","fundidos","para-untar","rallados","tablas","otros-importacion","queso-al-corte"],"curados":{"categoryUrl":"/compra-online/productos/charcuteria-y-quesos/quesos/curados/c/WEB.002.011.00071","products":[{"title":"DIA DELICIOUS escamas de queso parmigiano reggiano tarrina 100 gr","price":"2,45 €","pricePerUnit":"(24,50 €/Kg.)","imgUrl":"https://s2.dia.es/medias/h60/h78/8901008326686.png"},{"title":"DIA DELICIOUS queso añejo mezcla cuña 250 gr","price":"2,64 €","pricePerUnit":"(10,56 €/Kg.)","imgUrl":"https://s3.dia.es/medias/hed/hfa/8974068875294.jpg"},{"title":"DIA DELICIOUS queso gouda viejo cuña 250 gr","price":"4,08 €","pricePerUnit":"(16,32 €/Kg.)","imgUrl":"https://s1.dia.es/medias/hee/hab/8974129627166.jpg"},{"title":"DIA DELICIOUS queso manchego curado D.O.P cuña 250 gr","price":"3,85 €","pricePerUnit":"(15,40 €/Kg.)","imgUrl":"https://s2.dia.es/medias/h14/h68/8974066909214.jpg"},{"title":"DIA queso cheddar madurado británico cuña 300 gr","price":"2,24 €","pricePerUnit":"(7,47 €/Kg.)","imgUrl":"https://s0.dia.es/medias/hd4/h3a/8974092468254.jpg"},{"title":"DIA queso curado cuña 300 g","price":"2,49 €","pricePerUnit":"(8,30 €/Kg.)","imgUrl":"https://s1.dia.es/medias/hf1/hf8/8822558523422.png"},{"title":"DIA queso de oveja curado cuña (peso aprox. 890 gr)","price":"8,81 €","pricePerUnit":"(9,90 €/Kg.)","imgUrl":"https://s2.dia.es/medias/hd7/h83/8833061519390.png"},{"title":"DIA queso viejo mezcla cuña 275 g","price":"2,88 €","pricePerUnit":"(10,47 €/Kg.)","imgUrl":"https://s3.dia.es/medias/hf4/hf8/8823754391582.png"},{"title":"EL PASTOR DE LA POLVOROSA queso mezcla curado cuña 175 gr","price":"2,00 €","pricePerUnit":"(11,43 €/Kg.)","imgUrl":"https://s1.dia.es/medias/h3d/h72/8905069985822.jpg"},{"title":"EL PASTOR queso viejo en aceite de oliva cuña 200 gr","price":"2,45 €","pricePerUnit":"(12,25 €/Kg.)","imgUrl":"https://s2.dia.es/medias/hdd/hf2/9328741318686.jpg"},{"title":"GARCIA BAQUERO queso curado cuña 310 g","price":"4,25 €","pricePerUnit":"(13,71 €/Kg.)","imgUrl":"https://s0.dia.es/medias/h8c/h46/9642325835806.jpg"},{"title":"GARCIA BAQUERO queso curado lonchas envase 125 gr","price":"2,19 €","pricePerUnit":"(17,52 €/Kg.)","imgUrl":"https://s1.dia.es/medias/h96/ha1/9642401071134.jpg"},{"title":"GARCIA BAQUERO queso curado ya cortado pieza 250 g","price":"3,85 €","pricePerUnit":"(15,40 €/Kg.)","imgUrl":"https://s1.dia.es/medias/h63/h5a/9642357424158.jpg"},{"title":"GRAN CAPITAN queso curado cortadas cuña 210 gr","price":"3,75 €","pricePerUnit":"(17,86 €/Kg.)","imgUrl":"https://s3.dia.es/medias/h16/h50/9011607470110.jpg"},{"title":"GRAN CAPITAN queso curado cuña envase 250 gr","price":"3,99 €","pricePerUnit":"(15,96 €/Kg.)","imgUrl":"https://s0.dia.es/medias/hf3/h30/8850560417822.png"},{"title":"OLD AMSTERDAM queso gouda viejo cuña 200 gr","price":"3,88 €","pricePerUnit":"(19,40 €/Kg.)","imgUrl":"https://s2.dia.es/medias/hdf/hf3/9324956155934.jpg"}]},"semicurados":{"categoryUrl":"/compra-online/productos/charcuteria-y-quesos/quesos/semicurados/c/WEB.002.011.00078","products":[{"title":"AIRONES queso de extremadura al pimentón de la vera pieza 750 gr","price":"11,49 €","pricePerUnit":"(15,32 €/Kg.)","imgUrl":"https://s2.dia.es/medias/ha1/hfb/8958773657630.png"},{"title":"DIA dados de queso semicurado tarrina 150 gr","price":"1,95 €","pricePerUnit":"(13,00 €/Kg.)","imgUrl":"https://s3.dia.es/medias/hb6/hac/8977055940638.jpg"},{"title":"DIA queso semicurado cuña 300 gr","price":"2,32 €","pricePerUnit":"(7,73 €/Kg.)","imgUrl":"https://s1.dia.es/medias/h54/hc9/8822317350942.png"},{"title":"DIA queso semicurado lonchas envase 200 g","price":"2,09 €","pricePerUnit":"(10,45 €/Kg.)","imgUrl":"https://s0.dia.es/medias/hfd/hb9/8823259430942.png"},{"title":"EL PASTOR DE LA POLVOROSA queso de vaca rulo madurado envase 140 gr","price":"1,05 €","pricePerUnit":"(7,50 €/Kg.)","imgUrl":"https://s3.dia.es/medias/h36/h16/8864337920030.jpg"},{"title":"EL PASTOR DE LA POLVOROSA queso mezcla semicurado en lonchas 100 gr","price":"1,00 €","pricePerUnit":"(10,00 €/Kg.)","imgUrl":"https://s1.dia.es/medias/h89/he1/9303456022558.jpg"},{"title":"EL PASTOR queso semicurado cortado envase 175 gr","price":"2,00 €","pricePerUnit":"(11,43 €/Kg.)","imgUrl":"https://s1.dia.es/medias/h2f/haf/8864801456158.jpg"},{"title":"FONTE OS ANXOS  queso graso madurado pieza 600 gr","price":"5,99 €","pricePerUnit":"(9,98 €/Kg.)","imgUrl":"https://s1.dia.es/medias/hc1/hd9/8862703681566.jpg"},{"title":"GARCIA BAQUERO centro de queso semicurado mini pieza 465 gr","price":"6,59 €","pricePerUnit":"(14,17 €/Kg.)","imgUrl":"https://s0.dia.es/medias/h28/h0f/9642231169054.jpg"},{"title":"GARCIA BAQUERO medio queso semicurado pieza 465 gr","price":"5,99 €","pricePerUnit":"(12,88 €/Kg.)","imgUrl":"https://s2.dia.es/medias/h1d/h03/9642244472862.jpg"},{"title":"GARCIA BAQUERO queso semicurado cuña 325 g","price":"3,99 €","pricePerUnit":"(12,28 €/Kg.)","imgUrl":"https://s2.dia.es/medias/h17/h50/9642291560478.jpg"},{"title":"GARCIA BAQUERO queso semicurado light lonchas envase 200 gr","price":"2,45 €","pricePerUnit":"(16,33 €/Kg.)","imgUrl":"https://s3.dia.es/medias/h47/h28/9485464010782.jpg"},{"title":"GARCIA BAQUERO queso semicurado lonchas bandeja 200 g","price":"2,99 €","pricePerUnit":"(14,95 €/Kg.)","imgUrl":"https://s1.dia.es/medias/h3d/h31/9642405658654.jpg"},{"title":"GARCIA BAQUERO queso semicurado pieza 930 gr","price":"11,95 €","pricePerUnit":"(12,85 €/Kg.)","imgUrl":"https://s2.dia.es/medias/hf1/hfe/9642248077342.jpg"},{"title":"GARCIA BAQUERO queso semicurado ya cortado envase 250 gr","price":"3,85 €","pricePerUnit":"(15,40 €/Kg.)","imgUrl":"https://s2.dia.es/medias/hb9/h71/9642339729438.jpg"},{"title":"GRAN CAPITAN queso semicurado cuña 250 gr","price":"3,69 €","pricePerUnit":"(14,76 €/Kg.)","imgUrl":"https://s2.dia.es/medias/h16/h1f/8850565136414.png"},{"title":"LARSA queso en lonchas envase 200 gr","price":"2,29 €","pricePerUnit":"(11,45 €/Kg.)","imgUrl":"https://s3.dia.es/medias/h73/hd9/9576208302110.jpg"},{"title":"NAVIDUL queso semicurado lonchas envase 80 gr","price":"1,00 €","pricePerUnit":"(12,50 €/Kg.)","imgUrl":"https://s1.dia.es/medias/h58/hd5/9587760889886.jpg"}]},"tiernos-y-light":{"categoryUrl":"/compra-online/productos/charcuteria-y-quesos/quesos/tiernos-y-light/c/WEB.002.011.00080","products":[{"title":"ARLA queso havarti lonchas envase 150 gr","price":"2,35 €","pricePerUnit":"(15,67 €/Kg.)","imgUrl":"https://s1.dia.es/medias/h91/hfe/9652393639966.jpg"},{"title":"BURGO DE ARIAS queso figura suaves lonchas bajo en grasa envase 125 gr","price":"1,75 €","pricePerUnit":"(14,00 €/Kg.)","imgUrl":"https://s0.dia.es/medias/h71/h54/9483253317662.jpg"},{"title":"BURGO DE ARIAS queso tierno suave en lonchas envase 125 gr","price":"2,00 €","pricePerUnit":"(16,00 €/Kg.)","imgUrl":"https://s2.dia.es/medias/hff/hac/9483316559902.jpg"},{"title":"DIA queso havarti light lonchas sobre 200 gr","price":"1,70 €","pricePerUnit":"(8,50 €/Kg.)","imgUrl":"https://s2.dia.es/medias/h77/h4e/8822990405662.png"},{"title":"DIA queso havarti lonchas sobre 200 gr","price":"1,70 €","pricePerUnit":"(8,50 €/Kg.)","imgUrl":"https://s3.dia.es/medias/hb8/hc1/8823198613534.png"},{"title":"DIA queso tierno light lonchas envase 200 g","price":"1,88 €","pricePerUnit":"(9,40 €/Kg.)","imgUrl":"https://s2.dia.es/medias/had/h5e/8821838938142.png"},{"title":"DIA queso tierno pieza 1 Kg","price":"6,33 €","pricePerUnit":"(6,33 €/Kg.)","imgUrl":"https://s1.dia.es/medias/h54/h6e/8822211444766.png"},{"title":"DIA queso tierno tronchón cuña 250 gr","price":"2,59 €","pricePerUnit":"(10,36 €/Kg.)","imgUrl":"https://s3.dia.es/medias/h8c/h68/8974110556190.jpg"},{"title":"EL PASTOR DE LA POLVOROSA queso mezcla tierno en lonchas 100 gr","price":"1,00 €","pricePerUnit":"(10,00 €/Kg.)","imgUrl":"https://s0.dia.es/medias/h38/h16/9303461494814.jpg"},{"title":"EL PASTOR DE LA POLVOROSA queso tierno light en lonchas  envase 90 gr","price":"1,00 €","pricePerUnit":"(11,11 €/Kg.)","imgUrl":"https://s3.dia.es/medias/hb1/h72/8904808824862.jpg"},{"title":"EL VENTERO queso mezcla tierno lonchas sin lactosa envase 140 gr","price":"2,35 €","pricePerUnit":"(16,79 €/Kg.)","imgUrl":"https://s3.dia.es/medias/hda/h07/9011610746910.jpg"},{"title":"EL VENTERO queso tierno bajo en sal mini pieza 550 gr","price":"6,95 €","pricePerUnit":"(12,64 €/Kg.)","imgUrl":"https://s0.dia.es/medias/hd9/h6f/9654381543454.jpg"},{"title":"EL VENTERO queso tierno cuña 250 gr","price":"3,30 €","pricePerUnit":"(13,20 €/Kg.)","imgUrl":"https://s2.dia.es/medias/h64/h4a/9061752111134.jpg"},{"title":"EL VENTERO queso tierno light lonchas envase 160 gr","price":"2,10 €","pricePerUnit":"(13,13 €/Kg.)","imgUrl":"https://s0.dia.es/medias/hf8/h42/9141976137758.jpg"},{"title":"EL VENTERO queso tierno original envase 160 gr","price":"2,10 €","pricePerUnit":"(13,13 €/Kg.)","imgUrl":"https://s0.dia.es/medias/he8/h41/9011612712990.jpg"},{"title":"FONTE OS ANXOS queso de tetilla pieza 550 gr","price":"4,99 €","pricePerUnit":"(9,07 €/Kg.)","imgUrl":"https://s1.dia.es/medias/h0e/h5a/8945527324702.jpg"},{"title":"GARCIA BAQUERO queso mezcla tierno sin lactosa en lonchas 150 gr","price":"2,25 €","pricePerUnit":"(15,00 €/Kg.)","imgUrl":"https://s1.dia.es/medias/h64/h9d/9642221928478.jpg"},{"title":"GARCIA BAQUERO queso tierno light lonchas sobre 80 gr","price":"1,00 €","pricePerUnit":"(12,50 €/Kg.)","imgUrl":"https://s1.dia.es/medias/h1c/he4/9642223239198.jpg"},{"title":"GARCIA BAQUERO queso tierno lonchas sobre 80 gr","price":"1,00 €","pricePerUnit":"(12,50 €/Kg.)","imgUrl":"https://s1.dia.es/medias/h79/h44/9642210459678.jpg"},{"title":"GARCIA BAQUERO queso tierno ya cortado envase 250 gr","price":"3,75 €","pricePerUnit":"(15,00 €/Kg.)","imgUrl":"https://s3.dia.es/medias/h97/h12/9642292543518.jpg"}]},"cabra":{"categoryUrl":"/compra-online/productos/charcuteria-y-quesos/quesos/cabra/c/WEB.002.011.00070","products":[{"title":"DIA DELICIOUS queso de cabra con pimentón cuña 250 gr","price":"3,30 €","pricePerUnit":"(13,20 €/Kg.)","imgUrl":"https://s0.dia.es/medias/ha4/h84/8831699746846.png"},{"title":"DIA queso de cabra semicurado cuña 250 gr","price":"2,75 €","pricePerUnit":"(11,00 €/Kg.)","imgUrl":"https://s2.dia.es/medias/ha0/hbc/8974093778974.jpg"},{"title":"EL PASTOR DE LA POLVOROSA queso rulo de cabra pieza 140 gr","price":"1,85 €","pricePerUnit":"(13,21 €/Kg.)","imgUrl":"https://s3.dia.es/medias/h8a/h87/8905121366046.jpg"},{"title":"EL PASTOR queso semicurado delicias de cabra cuña 200 gr","price":"2,99 €","pricePerUnit":"(14,95 €/Kg.)","imgUrl":"https://s0.dia.es/medias/h6d/h26/8958763434014.jpg"},{"title":"GARCIA BAQUERO queso de cabra lonchas envase 125 gr","price":"2,15 €","pricePerUnit":"(17,20 €/Kg.)","imgUrl":"https://s0.dia.es/medias/hac/h06/9642400088094.jpg"},{"title":"GARCIA BAQUERO queso de cabra ya cortado 250 gr","price":"4,15 €","pricePerUnit":"(16,60 €/Kg.)","imgUrl":"https://s2.dia.es/medias/hbf/hbb/9642353491998.jpg"},{"title":"PRESIDENT queso de cabra rulo 200 gr","price":"2,65 €","pricePerUnit":"(14,72 €/Kg.)","imgUrl":"https://s2.dia.es/medias/ha5/h9f/9383718223902.jpg"}]},"oveja":{"categoryUrl":"/compra-online/productos/charcuteria-y-quesos/quesos/oveja/c/WEB.002.011.00075","products":[{"title":"BOFFARD queso de oveja curado reserva cuña 250 g","price":"4,60 €","pricePerUnit":"(18,40 €/Kg.)","imgUrl":"https://s3.dia.es/medias/h81/ha6/8833800798238.png"},{"title":"CAMPO REAL queso de oveja curado cuña 250 gr","price":"3,35 €","pricePerUnit":"(13,40 €/Kg.)","imgUrl":"https://s2.dia.es/medias/hcf/h90/8877290258462.png"},{"title":"CAMPO REAL queso de oveja semicurado cuña 250 gr","price":"2,99 €","pricePerUnit":"(11,96 €/Kg.)","imgUrl":"https://s2.dia.es/medias/hcc/h4e/8877204275230.png"},{"title":"DIA DELICIOUS queso de oveja curado en aceite de oliva virgen cuña 250 gr","price":"3,29 €","pricePerUnit":"(13,16 €/Kg.)","imgUrl":"https://s2.dia.es/medias/hb2/h98/8974044692510.jpg"},{"title":"DIA DELICIOUS queso de oveja viejo cuña 265 gr","price":"3,97 €","pricePerUnit":"(14,98 €/Kg.)","imgUrl":"https://s2.dia.es/medias/h5a/h8c/8945534599198.png"},{"title":"DIA DELICIOUS queso manchego curado D.O.P cuña 250 gr","price":"3,85 €","pricePerUnit":"(15,40 €/Kg.)","imgUrl":"https://s2.dia.es/medias/h14/h68/8974066909214.jpg"},{"title":"DIA queso de oveja curado cuña (peso aprox. 890 gr)","price":"8,81 €","pricePerUnit":"(9,90 €/Kg.)","imgUrl":"https://s2.dia.es/medias/hd7/h83/8833061519390.png"},{"title":"DIA queso de oveja curado cuña 300 g","price":"2,88 €","pricePerUnit":"(9,60 €/Kg.)","imgUrl":"https://s0.dia.es/medias/he9/hce/8823017144350.png"},{"title":"EL GRAN CARDENAL queso de oveja curado cuña 250 gr","price":"3,59 €","pricePerUnit":"(14,36 €/Kg.)","imgUrl":"https://s2.dia.es/medias/h11/hfc/8979743834142.jpg"},{"title":"EL PASTOR DE LA POLVOROSA queso de oveja curado cuña 150 gr","price":"2,00 €","pricePerUnit":"(13,33 €/Kg.)","imgUrl":"https://s3.dia.es/medias/h5a/hdd/8894433132574.png"},{"title":"EL PASTOR DE LA POLVOROSA queso de oveja curado cuña 500 gr","price":"7,75 €","pricePerUnit":"(15,50 €/Kg.)","imgUrl":"https://s1.dia.es/medias/hc0/h78/8979720175646.jpg"},{"title":"FLOR DE ESGUEVA queso de oveja viejo cuña 250 g","price":"4,34 €","pricePerUnit":"(17,36 €/Kg.)","imgUrl":"https://s0.dia.es/medias/heb/haf/9084484288542.jpg"},{"title":"GARCIA BAQUERO queso oveja lonchas envase 125 g","price":"2,15 €","pricePerUnit":"(17,20 €/Kg.)","imgUrl":"https://s1.dia.es/medias/h0a/h10/9642299326494.jpg"},{"title":"TREPAL queso de oveja cuña 250 g","price":"3,89 €","pricePerUnit":"(15,56 €/Kg.)","imgUrl":"https://s0.dia.es/medias/hba/h10/8818304417822.png"}]},"azul-y-roquefort":{"categoryUrl":"/compra-online/productos/charcuteria-y-quesos/quesos/azul-y-roquefort/c/WEB.002.011.00069","products":[{"title":"DIA DELICIOUS queso roquefort cuña 100 gr","price":"1,45 €","pricePerUnit":"(14,50 €/Kg.)","imgUrl":"https://s0.dia.es/medias/ha1/h1b/9015919968286.jpg"},{"title":"DIA queso azul envase 150 g","price":"1,57 €","pricePerUnit":"(10,47 €/Kg.)","imgUrl":"https://s3.dia.es/medias/hbf/he6/8822275932190.png"},{"title":"MILLAN VICENTE queso azul envase 100 gr","price":"1,39 €","pricePerUnit":"(13,90 €/Kg.)","imgUrl":"https://s3.dia.es/medias/h75/h00/9324945506334.jpg"},{"title":"SOCIETE queso roquefort envase 100 gr","price":"2,31 €","pricePerUnit":"(23,10 €/Kg.)","imgUrl":"https://s2.dia.es/medias/hed/hbe/9109999648798.jpg"}]},"barra":{"categoryUrl":"/compra-online/productos/charcuteria-y-quesos/quesos/barra/c/WEB.002.011.00066","products":[{"title":"FUENTE LOS ANGELES queso barra lonchas envase 180 gr","price":"1,99 €","pricePerUnit":"(11,06 €/Kg.)","imgUrl":"https://s1.dia.es/medias/h8d/he6/8833758855198.png"}]},"bola-edam-gouda-maasdam":{"categoryUrl":"/compra-online/productos/charcuteria-y-quesos/quesos/bola-edam-gouda-maasdam/c/WEB.002.011.00067","products":[{"title":"ARLA queso cheddar lonchas envase 150 gr","price":"2,35 €","pricePerUnit":"(15,67 €/Kg.)","imgUrl":"https://s0.dia.es/medias/hbb/h39/9535905497118.jpg"},{"title":"DIA dados de queso gouda y mimolette tarrina 150 gr","price":"1,80 €","pricePerUnit":"(12,00 €/Kg.)","imgUrl":"https://s1.dia.es/medias/h44/h4a/8974049935390.jpg"},{"title":"DIA queso cheddar en lonchas envase 200 gr","price":"1,75 €","pricePerUnit":"(8,75 €/Kg.)","imgUrl":"https://s2.dia.es/medias/hb5/h20/8974098956318.jpg"},{"title":"DIA queso edam cuña 470 gr","price":"3,19 €","pricePerUnit":"(6,79 €/Kg.)","imgUrl":"https://s0.dia.es/medias/h9b/h11/8822235037726.png"},{"title":"DIA queso edam en lonchas envase 200 gr","price":"2,03 €","pricePerUnit":"(10,15 €/Kg.)","imgUrl":"https://s2.dia.es/medias/h1b/hc0/8979822936094.jpg"},{"title":"DIA queso gouda lonchas sobre 200 gr","price":"1,09 €","pricePerUnit":"(5,45 €/Kg.)","imgUrl":"https://s1.dia.es/medias/h40/h17/8823154573342.png"},{"title":"DIA queso gouda pieza cuña 500 g","price":"3,05 €","pricePerUnit":"(6,10 €/Kg.)","imgUrl":"https://s3.dia.es/medias/h73/hd6/8822549086238.png"},{"title":"DIA queso maasdam cuña 350 gr","price":"3,05 €","pricePerUnit":"(8,71 €/Kg.)","imgUrl":"https://s1.dia.es/medias/h34/h69/8974112456734.jpg"},{"title":"DIA queso maasdam lonchas envase 200 g","price":"1,75 €","pricePerUnit":"(8,75 €/Kg.)","imgUrl":"https://s1.dia.es/medias/h4f/he0/8823061250078.png"},{"title":"MILLAN VICENTE queso gouda en lonchas sobre 100 gr","price":"1,00 €","pricePerUnit":"(10,00 €/Kg.)","imgUrl":"https://s2.dia.es/medias/hc2/h92/9592205541406.jpg"}]},"brie-camembert-y-cremosos":{"categoryUrl":"/compra-online/productos/charcuteria-y-quesos/quesos/brie-camembert-y-cremosos/c/WEB.002.011.00068","products":[{"title":"CAPRICE DES DIEUX queso envase 200 gr","price":"3,50 €","pricePerUnit":"(17,50 €/Kg.)","imgUrl":"https://s0.dia.es/medias/hdd/h3d/9484781355038.jpg"},{"title":"DIA crema de queso camembert tarrina 125 gr","price":"1,21 €","pricePerUnit":"(9,68 €/Kg.)","imgUrl":"https://s2.dia.es/medias/hb4/h71/8823248945182.png"},{"title":"DIA queso mozzarella en lonchas envase 120 gr","price":"0,81 €","pricePerUnit":"(6,75 €/Kg.)","imgUrl":"https://s0.dia.es/medias/h9d/h8f/8974048034846.jpg"},{"title":"PRESIDENT crema de queso camembert tarrina 125 gr","price":"1,48 €","pricePerUnit":"(9,87 €/Kg.)","imgUrl":"https://s3.dia.es/medias/ha4/h82/9513168306206.jpg"},{"title":"PRESIDENT punta de queso brie envase 200g","price":"2,49 €","pricePerUnit":"(12,45 €/Kg.)","imgUrl":"https://s3.dia.es/medias/h1f/ha2/9011599278110.jpg"},{"title":"PRESIDENT queso camembert 250 gr","price":"3,45 €","pricePerUnit":"(13,80 €/Kg.)","imgUrl":"https://s0.dia.es/medias/haf/hdb/9550076084254.jpg"},{"title":"PRESIDENT queso snack a la francesa pieza 180 gr","price":"2,49 €","pricePerUnit":"(13,83 €/Kg.)","imgUrl":"https://s2.dia.es/medias/h44/h50/9322208690206.jpg"}]},"emmental-y-gruyere":{"categoryUrl":"/compra-online/productos/charcuteria-y-quesos/quesos/emmental-y-gruyere/c/WEB.002.011.00072","products":[{"title":"DIA queso emmental lonchas envase 120 g","price":"1,00 €","pricePerUnit":"(8,33 €/Kg.)","imgUrl":"https://s3.dia.es/medias/h6a/h11/8833127055390.png"},{"title":"DIA queso emmental pieza 250 gr","price":"1,54 €","pricePerUnit":"(6,16 €/Kg.)","imgUrl":"https://s2.dia.es/medias/h47/h72/8822268067870.png"},{"title":"PRESIDENT queso emmental envase 250 gr","price":"2,99 €","pricePerUnit":"(11,96 €/Kg.)","imgUrl":"https://s0.dia.es/medias/hdd/h6b/9509503860766.jpg"}]},"frescos-y-para-ensaladas":{"categoryUrl":"/compra-online/productos/charcuteria-y-quesos/quesos/frescos-y-para-ensaladas/c/WEB.002.011.00073","products":[{"title":"ANGULO queso fresco tarrina 500 gr","price":"3,05 €","pricePerUnit":"(6,10 €/Kg.)","imgUrl":"https://s2.dia.es/medias/he3/hde/9674604150814.jpg"},{"title":"ARLA queso apetina en dados tarrina 200 gr","price":"2,79 €","pricePerUnit":"(13,95 €/Kg.)","imgUrl":"https://s0.dia.es/medias/he5/h62/9346060910622.jpg"},{"title":"BURGO DE ARIAS queso fresco de cabra pack 3 unidades 70 gr","price":"2,70 €","pricePerUnit":"(12,86 €/Kg.)","imgUrl":"https://s3.dia.es/medias/h82/h5d/9481564323870.jpg"},{"title":"BURGO DE ARIAS queso fresco mini 0% envase  pack 3x72 g","price":"2,09 €","pricePerUnit":"(9,68 €/Kg.)","imgUrl":"https://s3.dia.es/medias/h10/h59/9481968287774.jpg"},{"title":"BURGO DE ARIAS queso fresco mini 0% envase pack 6 x 72 gr","price":"3,80 €","pricePerUnit":"(8,80 €/Kg.)","imgUrl":"https://s0.dia.es/medias/hef/he0/9245014458398.jpg"},{"title":"BURGO DE ARIAS queso fresco mini natural envase pack 3x72 g","price":"2,09 €","pricePerUnit":"(9,68 €/Kg.)","imgUrl":"https://s3.dia.es/medias/h2d/hc6/9479858978846.jpg"},{"title":"BURGO DE ARIAS queso fresco mini natural envase pack 6x72 gr","price":"3,80 €","pricePerUnit":"(8,80 €/Kg.)","imgUrl":"https://s1.dia.es/medias/h23/h40/9245001285662.jpg"},{"title":"BURGO DE ARIAS queso fresco natural original pack 2 x 230 gr","price":"4,19 €","pricePerUnit":"(9,11 €/Kg.)","imgUrl":"https://s0.dia.es/medias/hd2/hf7/9365622128670.jpg"},{"title":"BURGO DE ARIAS queso fresco pack 3 unidades 75 gr","price":"2,09 €","pricePerUnit":"(9,68 €/Kg.)","imgUrl":"https://s2.dia.es/medias/ha0/h64/9244986540062.jpg"},{"title":"DIA dados de queso para ensalada bolsa 125 gr","price":"1,15 €","pricePerUnit":"(9,20 €/Kg.)","imgUrl":"https://s2.dia.es/medias/h69/h0c/9004930072606.jpg"},{"title":"DIA queso fresco 0% M.G pack 4 unidades 62.5 gr","price":"1,00 €","pricePerUnit":"(4,00 €/Kg.)","imgUrl":"https://s3.dia.es/medias/ha5/h05/8823254712350.png"},{"title":"DIA queso fresco de burgos tradicional envase  250 gr","price":"1,19 €","pricePerUnit":"(4,76 €/Kg.)","imgUrl":"https://s0.dia.es/medias/h9e/hb3/8823118397470.png"},{"title":"DIA queso fresco Natural envase pack 4 x 62.5 g","price":"0,99 €","pricePerUnit":"(3,96 €/Kg.)","imgUrl":"https://s0.dia.es/medias/ha4/hb5/9114678263838.jpg"},{"title":"DIA queso fresco natural pack 2 x 250 gr","price":"1,69 €","pricePerUnit":"(3,38 €/Kg.)","imgUrl":"https://s0.dia.es/medias/hc9/hb8/8822410674206.png"},{"title":"DIA queso mozzarella perlas bolsa 150 gr","price":"1,70 €","pricePerUnit":"(11,33 €/Kg.)","imgUrl":"https://s2.dia.es/medias/h40/h21/8849739513886.png"},{"title":"DODONI queso feta tarrina 200 gr","price":"2,69 €","pricePerUnit":"(13,45 €/Kg.)","imgUrl":"https://s2.dia.es/medias/h1f/h40/9652723744798.jpg"},{"title":"EL PASTOR queso fresco en lonchas sobre 80 gr","price":"1,00 €","pricePerUnit":"(12,50 €/Kg.)","imgUrl":"https://s1.dia.es/medias/h7f/h87/9328759996446.jpg"},{"title":"FLOR DE BURGOS queso fresco batido 0% M.G tarrina 450 gr","price":"1,49 €","pricePerUnit":"(3,31 €/Kg.)","imgUrl":"https://s0.dia.es/medias/hda/h94/9592203575326.jpg"},{"title":"FRESCO DE BOCA queso de burgos envase 500 gr","price":"2,85 €","pricePerUnit":"(5,70 €/Kg.)","imgUrl":"https://s2.dia.es/medias/h26/h63/8863069044766.jpg"},{"title":"GALBANI queso mozzarella bolsa 100 gr","price":"1,00 €","pricePerUnit":"(10,00 €/Kg.)","imgUrl":"https://s3.dia.es/medias/hcf/he0/9086167121950.jpg"},{"title":"GALBANI queso mozzarella di bufala bolsa 125 gr","price":"2,09 €","pricePerUnit":"(16,72 €/Kg.)","imgUrl":"https://s3.dia.es/medias/h3c/h83/9485092290590.jpg"},{"title":"GARCIA BAQUERO queso fresco pieza 500 gr","price":"5,99 €","pricePerUnit":"(11,98 €/Kg.)","imgUrl":"https://s1.dia.es/medias/hcc/h30/9662452039710.jpg"}]},"fundidos":{"categoryUrl":"/compra-online/productos/charcuteria-y-quesos/quesos/fundidos/c/WEB.002.011.00074","products":[{"title":"BABYBEL mini queso edam 6 porciones bolsa 120 gr","price":"2,30 €","pricePerUnit":"(19,17 €/Kg.)","imgUrl":"https://s3.dia.es/medias/h58/h7d/9631905251358.jpg"},{"title":"BABYBEL mini queso edam enrollados bolsa 5 uds 85 gr","price":"2,10 €","pricePerUnit":"(24,71 €/Kg.)","imgUrl":"https://s1.dia.es/medias/h1c/h4a/9496610996254.jpg"},{"title":"BABYBEL mini queso edam light 6 porciones bolsa 120 gr","price":"2,39 €","pricePerUnit":"(19,92 €/Kg.)","imgUrl":"https://s3.dia.es/medias/hd9/hc4/9678016020510.jpg"},{"title":"DIA queso fundido 16 lonchas paquete 300 gr","price":"1,00 €","pricePerUnit":"(3,33 €/Kg.)","imgUrl":"https://s2.dia.es/medias/ha8/heb/8821950087198.png"},{"title":"DIA queso fundido light 16 porciones caja 250 gr","price":"1,25 €","pricePerUnit":"(5,00 €/Kg.)","imgUrl":"https://s0.dia.es/medias/h1a/h8a/8823307141150.png"},{"title":"DIA queso fundido light lonchas envase 300 gr","price":"1,53 €","pricePerUnit":"(5,10 €/Kg.)","imgUrl":"https://s2.dia.es/medias/h54/h90/8831720718366.png"},{"title":"DIA queso fundido natural 16 porciones caja 250 gr","price":"0,89 €","pricePerUnit":"(3,56 €/Kg.)","imgUrl":"https://s0.dia.es/medias/he2/h23/8854979739678.png"},{"title":"EL CASERIO queso fundido 8 porciones caja 125 gr","price":"1,10 €","pricePerUnit":"(8,80 €/Kg.)","imgUrl":"https://s0.dia.es/medias/he6/h4c/9394408456222.jpg"},{"title":"EL CASERIO queso fundido burger con cheddar en lonchas paquete 185 gr","price":"1,56 €","pricePerUnit":"(8,43 €/Kg.)","imgUrl":"https://s3.dia.es/medias/hc6/h2b/9568118341662.jpg"},{"title":"EL CASERIO queso fundido en lonchas paquete 300 gr","price":"1,78 €","pricePerUnit":"(5,93 €/Kg.)","imgUrl":"https://s1.dia.es/medias/h01/haa/9593101647902.jpg"},{"title":"EL CASERIO queso fundido lonchas envase 150 gr","price":"1,10 €","pricePerUnit":"(7,33 €/Kg.)","imgUrl":"https://s1.dia.es/medias/he0/hf2/9539684892702.jpg"},{"title":"EL CASERIO queso fundido16 porciones caja 250 gr","price":"1,85 €","pricePerUnit":"(7,40 €/Kg.)","imgUrl":"https://s1.dia.es/medias/hd9/h48/9394420908062.jpg"},{"title":"EL CASERIO queso light fundido 16 porciones caja 250 gr","price":"2,00 €","pricePerUnit":"(8,00 €/Kg.)","imgUrl":"https://s0.dia.es/medias/h11/h60/9536245563422.jpg"},{"title":"KIRI queso fundido porciones caja 6 unidades 108 gr","price":"2,05 €","pricePerUnit":"(18,98 €/Kg.)","imgUrl":"https://s2.dia.es/medias/hda/h22/9152141885470.jpg"},{"title":"LA VACA QUE RIE palitos con queso fundido caja 4 uds 140gr","price":"2,11 €","pricePerUnit":"(15,07 €/Kg.)","imgUrl":"https://s3.dia.es/medias/hd0/h61/9498786234398.jpg"},{"title":"LA VACA QUE RIE queso fundido 16 porciones caja 250 gr","price":"2,10 €","pricePerUnit":"(8,40 €/Kg.)","imgUrl":"https://s2.dia.es/medias/hda/h6f/9651348275230.jpg"},{"title":"LA VACA QUE RIE queso fundido 24 porciones caja 375 gr","price":"2,99 €","pricePerUnit":"(7,97 €/Kg.)","imgUrl":"https://s1.dia.es/medias/hd9/hcb/9651343622174.jpg"},{"title":"LA VACA QUE RIE queso fundido light 16 porciones caja 250 gr","price":"2,10 €","pricePerUnit":"(8,40 €/Kg.)","imgUrl":"https://s0.dia.es/medias/h9a/h87/9651349585950.jpg"},{"title":"LA VACA QUE RIE queso fundido light semicurado 16 porciones caja 250 gr","price":"2,29 €","pricePerUnit":"(9,16 €/Kg.)","imgUrl":"https://s1.dia.es/medias/h39/h31/9326261043230.jpg"},{"title":"MILKANA queso charmidor en lonchas sobre 130 gr","price":"2,45 €","pricePerUnit":"(18,85 €/Kg.)","imgUrl":"https://s3.dia.es/medias/h45/h23/9674589601822.jpg"},{"title":"TRANCHETTES queso fundido 16 lonchas paquete 300 gr","price":"2,09 €","pricePerUnit":"(7,46 €/Kg.)","imgUrl":"https://s0.dia.es/medias/h3b/h89/9392758325278.jpg"}]},"para-untar":{"categoryUrl":"/compra-online/productos/charcuteria-y-quesos/quesos/para-untar/c/WEB.002.011.00076","products":[{"title":"CASTELLO queso para untar blanco con piña envase 125 gr","price":"1,80 €","pricePerUnit":"(14,40 €/Kg.)","imgUrl":"https://s0.dia.es/medias/haa/hac/9652396589086.jpg"},{"title":"DIA mousse de queso con nueces tarrina 150 gr","price":"0,95 €","pricePerUnit":"(6,33 €/Kg.)","imgUrl":"https://s3.dia.es/medias/h2c/hcf/8823085891614.png"},{"title":"DIA queso para untar light tarrina 250 gr","price":"0,79 €","pricePerUnit":"(3,16 €/Kg.)","imgUrl":"https://s0.dia.es/medias/h58/h07/9081023594526.jpg"},{"title":"DIA queso para untar natural tarrina 250 gr","price":"0,81 €","pricePerUnit":"(3,24 €/Kg.)","imgUrl":"https://s2.dia.es/medias/h89/hf6/9081016057886.jpg"},{"title":"PHILADELPHIA mousse de queso con nueces tarrina 130 gr","price":"1,99 €","pricePerUnit":"(15,31 €/Kg.)","imgUrl":"https://s0.dia.es/medias/h77/hf1/9568499433502.jpg"},{"title":"PHILADELPHIA mousse de queso trufa tarrina 140 gr","price":"1,99 €","pricePerUnit":"(15,31 €/Kg.)","imgUrl":"https://s3.dia.es/medias/h2d/h46/9197700972574.jpg"},{"title":"PHILADELPHIA queso para untar con salmón tarrina 150 gr","price":"1,85 €","pricePerUnit":"(12,33 €/Kg.)","imgUrl":"https://s2.dia.es/medias/h6b/hb8/9333257633822.jpg"},{"title":"PHILADELPHIA queso para untar finas hierbas tarrina 150 gr","price":"1,85 €","pricePerUnit":"(12,33 €/Kg.)","imgUrl":"https://s2.dia.es/medias/hf1/had/9617027563550.jpg"},{"title":"PHILADELPHIA queso para untar light tarrina 250 gr","price":"2,10 €","pricePerUnit":"(8,40 €/Kg.)","imgUrl":"https://s0.dia.es/medias/hc0/hfe/9593085919262.jpg"},{"title":"PHILADELPHIA queso para untar light tarrina 350 gr","price":"2,95 €","pricePerUnit":"(8,43 €/Kg.)","imgUrl":"https://s2.dia.es/medias/hda/hf7/9593094766622.jpg"},{"title":"PHILADELPHIA queso para untar original tarrina 250 gr","price":"2,10 €","pricePerUnit":"(8,40 €/Kg.)","imgUrl":"https://s0.dia.es/medias/ha8/h66/9593097388062.jpg"},{"title":"PHILADELPHIA queso para untar original tarrina 350 gr","price":"2,99 €","pricePerUnit":"(8,54 €/Kg.)","imgUrl":"https://s2.dia.es/medias/h4f/hf3/9593100664862.jpg"},{"title":"PHILADELPHIA queso para untar sin lactosa tarrina 150 gr","price":"1,89 €","pricePerUnit":"(12,60 €/Kg.)","imgUrl":"https://s3.dia.es/medias/hfb/hd9/9617013899294.jpg"},{"title":"PRESIDENT crema de queso azul tarrina 125 gr","price":"1,49 €","pricePerUnit":"(11,92 €/Kg.)","imgUrl":"https://s1.dia.es/medias/h2e/h30/8879405170718.png"},{"title":"PRESIDENT crema de queso semicurado tarrina 125 gr","price":"1,55 €","pricePerUnit":"(12,40 €/Kg.)","imgUrl":"https://s2.dia.es/medias/he7/h80/8879494496286.png"}]},"rallados":{"categoryUrl":"/compra-online/productos/charcuteria-y-quesos/quesos/rallados/c/WEB.002.011.00077","products":[{"title":"DIA queso rallado bolsa 200 gr","price":"0,99 €","pricePerUnit":"(4,95 €/Kg.)","imgUrl":"https://s3.dia.es/medias/h82/he1/9004949405726.jpg"},{"title":"DIA queso rallado emmental bolsa 200 gr","price":"1,15 €","pricePerUnit":"(5,75 €/Kg.)","imgUrl":"https://s3.dia.es/medias/h26/hc0/9004952748062.jpg"},{"title":"DIA queso rallado en polvo bolsa 125 gr","price":"1,08 €","pricePerUnit":"(8,64 €/Kg.)","imgUrl":"https://s0.dia.es/medias/hdb/he7/9081031524382.jpg"},{"title":"DIA queso rallado grana padano bolsa 100 gr","price":"1,46 €","pricePerUnit":"(14,60 €/Kg.)","imgUrl":"https://s3.dia.es/medias/h1c/h83/8828621717534.png"},{"title":"DIA queso rallado mezcla 4 quesos bolsa 200 gr","price":"1,69 €","pricePerUnit":"(8,45 €/Kg.)","imgUrl":"https://s3.dia.es/medias/h44/hec/9004984401950.jpg"},{"title":"DIA queso rallado mezcla especial para pizza bolsa 175 g","price":"1,99 €","pricePerUnit":"(11,37 €/Kg.)","imgUrl":"https://s3.dia.es/medias/hbe/hdb/9081061081118.jpg"},{"title":"DIA queso rallado mozzarella bolsa 200 gr","price":"1,20 €","pricePerUnit":"(6,00 €/Kg.)","imgUrl":"https://s2.dia.es/medias/h46/h81/9004989972510.jpg"},{"title":"EL CASERIO queso rallado 3 quesos especial para pizza bolsa 140 gr","price":"2,16 €","pricePerUnit":"(15,43 €/Kg.)","imgUrl":"https://s0.dia.es/medias/h90/h64/9593099354142.jpg"},{"title":"EL CASERIO queso rallado 4 quesos bolsa 140 g","price":"1,99 €","pricePerUnit":"(14,21 €/Kg.)","imgUrl":"https://s3.dia.es/medias/h5e/h78/9569454194718.jpg"},{"title":"EL CASERIO queso rallado en polvo bolsa 90 gr","price":"1,10 €","pricePerUnit":"(12,22 €/Kg.)","imgUrl":"https://s2.dia.es/medias/h00/h3c/9550689763358.jpg"},{"title":"EL CASERIO queso rallado especial pasta bolsa 90 gr","price":"1,10 €","pricePerUnit":"(12,22 €/Kg.)","imgUrl":"https://s2.dia.es/medias/h5b/hc4/9535975620638.jpg"},{"title":"FINELLO queso rallado mozzarella bolsa 150 g","price":"2,49 €","pricePerUnit":"(16,60 €/Kg.)","imgUrl":"https://s2.dia.es/medias/hec/h57/9581325320222.jpg"},{"title":"GARCIA BAQUERO queso rallado semicurado bolsa 110 gr","price":"1,00 €","pricePerUnit":"(9,09 €/Kg.)","imgUrl":"https://s2.dia.es/medias/ha4/h07/9642209476638.jpg"}]},"tablas":{"categoryUrl":"/compra-online/productos/charcuteria-y-quesos/quesos/tablas/c/WEB.002.011.00079","products":[{"title":"DIA DELICIOUS tabla 9 quesos bandeja 300 gr","price":"7,99 €","pricePerUnit":"(26,63 €/Kg.)","imgUrl":"https://s1.dia.es/medias/h40/hfb/8848026992670.png"},{"title":"EL PASTOR tabla 4 quesos bandeja 180 gr","price":"2,99 €","pricePerUnit":"(16,61 €/Kg.)","imgUrl":"https://s3.dia.es/medias/haa/hcd/9574944669726.jpg"}]},"otros-importacion":{"categoryUrl":"/compra-online/productos/charcuteria-y-quesos/quesos/otros-importacion/c/WEB.002.011.00081","products":[{"title":"DIA DELICIOUS queso provolone con orégano envase 150 gr","price":"1,79 €","pricePerUnit":"(11,93 €/Kg.)","imgUrl":"https://s1.dia.es/medias/h90/h2d/8827480080414.png"},{"title":"DIA DELICIOUS queso grana padano 200 gr","price":"3,29 €","pricePerUnit":"(16,45 €/Kg.)","imgUrl":"https://s3.dia.es/medias/hf6/h4d/9621629992990.jpg"},{"title":"DIA queso gorgonzola envase 200 gr","price":"1,93 €","pricePerUnit":"(9,65 €/Kg.)","imgUrl":"https://s3.dia.es/medias/h1d/h01/8836245061662.png"},{"title":"DIA queso mascarpone tarrina 250 gr","price":"1,70 €","pricePerUnit":"(6,80 €/Kg.)","imgUrl":"https://s2.dia.es/medias/h37/hd1/8974048690206.jpg"}]},"queso-al-corte":{"categoryUrl":"/compra-online/productos/charcuteria-y-quesos/quesos/queso-al-corte/c/WEB.002.011.00083","products":[{"title":"AIRONES queso de extremadura al pimentón de la vera pieza 750 gr","price":"11,49 €","pricePerUnit":"(15,32 €/Kg.)","imgUrl":"https://s2.dia.es/medias/ha1/hfb/8958773657630.png"},{"title":"ANGULO queso fresco tarrina 500 gr","price":"3,05 €","pricePerUnit":"(6,10 €/Kg.)","imgUrl":"https://s2.dia.es/medias/he3/hde/9674604150814.jpg"},{"title":"ARLA queso apetina en dados tarrina 200 gr","price":"2,79 €","pricePerUnit":"(13,95 €/Kg.)","imgUrl":"https://s0.dia.es/medias/he5/h62/9346060910622.jpg"},{"title":"ARLA queso cheddar lonchas envase 150 gr","price":"2,35 €","pricePerUnit":"(15,67 €/Kg.)","imgUrl":"https://s0.dia.es/medias/hbb/h39/9535905497118.jpg"},{"title":"ARLA queso havarti lonchas envase 150 gr","price":"2,35 €","pricePerUnit":"(15,67 €/Kg.)","imgUrl":"https://s1.dia.es/medias/h91/hfe/9652393639966.jpg"},{"title":"BABYBEL mini queso edam 6 porciones bolsa 120 gr","price":"2,30 €","pricePerUnit":"(19,17 €/Kg.)","imgUrl":"https://s3.dia.es/medias/h58/h7d/9631905251358.jpg"},{"title":"BABYBEL mini queso edam enrollados bolsa 5 uds 85 gr","price":"2,10 €","pricePerUnit":"(24,71 €/Kg.)","imgUrl":"https://s1.dia.es/medias/h1c/h4a/9496610996254.jpg"},{"title":"BABYBEL mini queso edam light 6 porciones bolsa 120 gr","price":"2,39 €","pricePerUnit":"(19,92 €/Kg.)","imgUrl":"https://s3.dia.es/medias/hd9/hc4/9678016020510.jpg"},{"title":"BOFFARD queso de oveja curado reserva cuña 250 g","price":"4,60 €","pricePerUnit":"(18,40 €/Kg.)","imgUrl":"https://s3.dia.es/medias/h81/ha6/8833800798238.png"},{"title":"BURGO DE ARIAS queso figura suaves lonchas bajo en grasa envase 125 gr","price":"1,75 €","pricePerUnit":"(14,00 €/Kg.)","imgUrl":"https://s0.dia.es/medias/h71/h54/9483253317662.jpg"},{"title":"BURGO DE ARIAS queso fresco de cabra pack 3 unidades 70 gr","price":"2,70 €","pricePerUnit":"(12,86 €/Kg.)","imgUrl":"https://s3.dia.es/medias/h82/h5d/9481564323870.jpg"},{"title":"BURGO DE ARIAS queso fresco mini 0% envase  pack 3x72 g","price":"2,09 €","pricePerUnit":"(9,68 €/Kg.)","imgUrl":"https://s3.dia.es/medias/h10/h59/9481968287774.jpg"},{"title":"BURGO DE ARIAS queso fresco mini 0% envase pack 6 x 72 gr","price":"3,80 €","pricePerUnit":"(8,80 €/Kg.)","imgUrl":"https://s0.dia.es/medias/hef/he0/9245014458398.jpg"},{"title":"BURGO DE ARIAS queso fresco mini natural envase pack 3x72 g","price":"2,09 €","pricePerUnit":"(9,68 €/Kg.)","imgUrl":"https://s3.dia.es/medias/h2d/hc6/9479858978846.jpg"},{"title":"BURGO DE ARIAS queso fresco mini natural envase pack 6x72 gr","price":"3,80 €","pricePerUnit":"(8,80 €/Kg.)","imgUrl":"https://s1.dia.es/medias/h23/h40/9245001285662.jpg"},{"title":"BURGO DE ARIAS queso fresco natural original pack 2 x 230 gr","price":"4,19 €","pricePerUnit":"(9,11 €/Kg.)","imgUrl":"https://s0.dia.es/medias/hd2/hf7/9365622128670.jpg"},{"title":"BURGO DE ARIAS queso fresco pack 3 unidades 75 gr","price":"2,09 €","pricePerUnit":"(9,68 €/Kg.)","imgUrl":"https://s2.dia.es/medias/ha0/h64/9244986540062.jpg"},{"title":"BURGO DE ARIAS queso tierno suave en lonchas envase 125 gr","price":"2,00 €","pricePerUnit":"(16,00 €/Kg.)","imgUrl":"https://s2.dia.es/medias/hff/hac/9483316559902.jpg"},{"title":"CAMPO REAL queso de oveja curado cuña 250 gr","price":"3,35 €","pricePerUnit":"(13,40 €/Kg.)","imgUrl":"https://s2.dia.es/medias/hcf/h90/8877290258462.png"},{"title":"CAMPO REAL queso de oveja semicurado cuña 250 gr","price":"2,99 €","pricePerUnit":"(11,96 €/Kg.)","imgUrl":"https://s2.dia.es/medias/hcc/h4e/8877204275230.png"},{"title":"CAPRICE DES DIEUX queso envase 200 gr","price":"3,50 €","pricePerUnit":"(17,50 €/Kg.)","imgUrl":"https://s0.dia.es/medias/hdd/h3d/9484781355038.jpg"},{"title":"CASTELLO queso para untar blanco con piña envase 125 gr","price":"1,80 €","pricePerUnit":"(14,40 €/Kg.)","imgUrl":"https://s0.dia.es/medias/haa/hac/9652396589086.jpg"},{"title":"DIA crema de queso camembert tarrina 125 gr","price":"1,21 €","pricePerUnit":"(9,68 €/Kg.)","imgUrl":"https://s2.dia.es/medias/hb4/h71/8823248945182.png"},{"title":"DIA dados de queso gouda y mimolette tarrina 150 gr","price":"1,80 €","pricePerUnit":"(12,00 €/Kg.)","imgUrl":"https://s1.dia.es/medias/h44/h4a/8974049935390.jpg"},{"title":"DIA dados de queso para ensalada bolsa 125 gr","price":"1,15 €","pricePerUnit":"(9,20 €/Kg.)","imgUrl":"https://s2.dia.es/medias/h69/h0c/9004930072606.jpg"},{"title":"DIA dados de queso semicurado tarrina 150 gr","price":"1,95 €","pricePerUnit":"(13,00 €/Kg.)","imgUrl":"https://s3.dia.es/medias/hb6/hac/8977055940638.jpg"},{"title":"DIA DELICIOUS escamas de queso parmigiano reggiano tarrina 100 gr","price":"2,45 €","pricePerUnit":"(24,50 €/Kg.)","imgUrl":"https://s2.dia.es/medias/h60/h78/8901008326686.png"},{"title":"DIA DELICIOUS queso añejo mezcla cuña 250 gr","price":"2,64 €","pricePerUnit":"(10,56 €/Kg.)","imgUrl":"https://s3.dia.es/medias/hed/hfa/8974068875294.jpg"},{"title":"DIA DELICIOUS queso de cabra con pimentón cuña 250 gr","price":"3,30 €","pricePerUnit":"(13,20 €/Kg.)","imgUrl":"https://s0.dia.es/medias/ha4/h84/8831699746846.png"},{"title":"DIA DELICIOUS queso de oveja curado en aceite de oliva virgen cuña 250 gr","price":"3,29 €","pricePerUnit":"(13,16 €/Kg.)","imgUrl":"https://s2.dia.es/medias/hb2/h98/8974044692510.jpg"},{"title":"DIA DELICIOUS queso de oveja viejo cuña 265 gr","price":"3,97 €","pricePerUnit":"(14,98 €/Kg.)","imgUrl":"https://s2.dia.es/medias/h5a/h8c/8945534599198.png"},{"title":"DIA DELICIOUS queso gouda viejo cuña 250 gr","price":"4,08 €","pricePerUnit":"(16,32 €/Kg.)","imgUrl":"https://s1.dia.es/medias/hee/hab/8974129627166.jpg"},{"title":"DIA DELICIOUS queso manchego curado D.O.P cuña 250 gr","price":"3,85 €","pricePerUnit":"(15,40 €/Kg.)","imgUrl":"https://s2.dia.es/medias/h14/h68/8974066909214.jpg"},{"title":"DIA DELICIOUS queso provolone con orégano envase 150 gr","price":"1,79 €","pricePerUnit":"(11,93 €/Kg.)","imgUrl":"https://s1.dia.es/medias/h90/h2d/8827480080414.png"},{"title":"DIA DELICIOUS queso roquefort cuña 100 gr","price":"1,45 €","pricePerUnit":"(14,50 €/Kg.)","imgUrl":"https://s0.dia.es/medias/ha1/h1b/9015919968286.jpg"},{"title":"DIA DELICIOUS tabla 9 quesos bandeja 300 gr","price":"7,99 €","pricePerUnit":"(26,63 €/Kg.)","imgUrl":"https://s1.dia.es/medias/h40/hfb/8848026992670.png"},{"title":"DIA DELICIOUS queso grana padano 200 gr","price":"3,29 €","pricePerUnit":"(16,45 €/Kg.)","imgUrl":"https://s3.dia.es/medias/hf6/h4d/9621629992990.jpg"},{"title":"DIA mousse de queso con nueces tarrina 150 gr","price":"0,95 €","pricePerUnit":"(6,33 €/Kg.)","imgUrl":"https://s3.dia.es/medias/h2c/hcf/8823085891614.png"},{"title":"DIA queso azul envase 150 g","price":"1,57 €","pricePerUnit":"(10,47 €/Kg.)","imgUrl":"https://s3.dia.es/medias/hbf/he6/8822275932190.png"},{"title":"DIA queso cheddar en lonchas envase 200 gr","price":"1,75 €","pricePerUnit":"(8,75 €/Kg.)","imgUrl":"https://s2.dia.es/medias/hb5/h20/8974098956318.jpg"},{"title":"DIA queso cheddar madurado británico cuña 300 gr","price":"2,24 €","pricePerUnit":"(7,47 €/Kg.)","imgUrl":"https://s0.dia.es/medias/hd4/h3a/8974092468254.jpg"},{"title":"DIA queso curado cuña 300 g","price":"2,49 €","pricePerUnit":"(8,30 €/Kg.)","imgUrl":"https://s1.dia.es/medias/hf1/hf8/8822558523422.png"},{"title":"DIA queso de cabra semicurado cuña 250 gr","price":"2,75 €","pricePerUnit":"(11,00 €/Kg.)","imgUrl":"https://s2.dia.es/medias/ha0/hbc/8974093778974.jpg"},{"title":"DIA queso de oveja curado cuña (peso aprox. 890 gr)","price":"8,81 €","pricePerUnit":"(9,90 €/Kg.)","imgUrl":"https://s2.dia.es/medias/hd7/h83/8833061519390.png"},{"title":"DIA queso de oveja curado cuña 300 g","price":"2,88 €","pricePerUnit":"(9,60 €/Kg.)","imgUrl":"https://s0.dia.es/medias/he9/hce/8823017144350.png"},{"title":"DIA queso edam cuña 470 gr","price":"3,19 €","pricePerUnit":"(6,79 €/Kg.)","imgUrl":"https://s0.dia.es/medias/h9b/h11/8822235037726.png"},{"title":"DIA queso edam en lonchas envase 200 gr","price":"2,03 €","pricePerUnit":"(10,15 €/Kg.)","imgUrl":"https://s2.dia.es/medias/h1b/hc0/8979822936094.jpg"},{"title":"DIA queso emmental lonchas envase 120 g","price":"1,00 €","pricePerUnit":"(8,33 €/Kg.)","imgUrl":"https://s3.dia.es/medias/h6a/h11/8833127055390.png"},{"title":"DIA queso emmental pieza 250 gr","price":"1,54 €","pricePerUnit":"(6,16 €/Kg.)","imgUrl":"https://s2.dia.es/medias/h47/h72/8822268067870.png"},{"title":"DIA queso fresco 0% M.G pack 4 unidades 62.5 gr","price":"1,00 €","pricePerUnit":"(4,00 €/Kg.)","imgUrl":"https://s3.dia.es/medias/ha5/h05/8823254712350.png"},{"title":"DIA queso fresco de burgos tradicional envase  250 gr","price":"1,19 €","pricePerUnit":"(4,76 €/Kg.)","imgUrl":"https://s0.dia.es/medias/h9e/hb3/8823118397470.png"},{"title":"DIA queso fresco Natural envase pack 4 x 62.5 g","price":"0,99 €","pricePerUnit":"(3,96 €/Kg.)","imgUrl":"https://s0.dia.es/medias/ha4/hb5/9114678263838.jpg"},{"title":"DIA queso fresco natural pack 2 x 250 gr","price":"1,69 €","pricePerUnit":"(3,38 €/Kg.)","imgUrl":"https://s0.dia.es/medias/hc9/hb8/8822410674206.png"},{"title":"DIA queso fundido 16 lonchas paquete 300 gr","price":"1,00 €","pricePerUnit":"(3,33 €/Kg.)","imgUrl":"https://s2.dia.es/medias/ha8/heb/8821950087198.png"},{"title":"DIA queso fundido light 16 porciones caja 250 gr","price":"1,25 €","pricePerUnit":"(5,00 €/Kg.)","imgUrl":"https://s0.dia.es/medias/h1a/h8a/8823307141150.png"},{"title":"DIA queso fundido light lonchas envase 300 gr","price":"1,53 €","pricePerUnit":"(5,10 €/Kg.)","imgUrl":"https://s2.dia.es/medias/h54/h90/8831720718366.png"},{"title":"DIA queso fundido natural 16 porciones caja 250 gr","price":"0,89 €","pricePerUnit":"(3,56 €/Kg.)","imgUrl":"https://s0.dia.es/medias/he2/h23/8854979739678.png"},{"title":"DIA queso gorgonzola envase 200 gr","price":"1,93 €","pricePerUnit":"(9,65 €/Kg.)","imgUrl":"https://s3.dia.es/medias/h1d/h01/8836245061662.png"},{"title":"DIA queso gouda lonchas sobre 200 gr","price":"1,09 €","pricePerUnit":"(5,45 €/Kg.)","imgUrl":"https://s1.dia.es/medias/h40/h17/8823154573342.png"},{"title":"DIA queso gouda pieza cuña 500 g","price":"3,05 €","pricePerUnit":"(6,10 €/Kg.)","imgUrl":"https://s3.dia.es/medias/h73/hd6/8822549086238.png"},{"title":"DIA queso havarti light lonchas sobre 200 gr","price":"1,70 €","pricePerUnit":"(8,50 €/Kg.)","imgUrl":"https://s2.dia.es/medias/h77/h4e/8822990405662.png"},{"title":"DIA queso havarti lonchas sobre 200 gr","price":"1,70 €","pricePerUnit":"(8,50 €/Kg.)","imgUrl":"https://s3.dia.es/medias/hb8/hc1/8823198613534.png"},{"title":"DIA queso maasdam cuña 350 gr","price":"3,05 €","pricePerUnit":"(8,71 €/Kg.)","imgUrl":"https://s1.dia.es/medias/h34/h69/8974112456734.jpg"},{"title":"DIA queso maasdam lonchas envase 200 g","price":"1,75 €","pricePerUnit":"(8,75 €/Kg.)","imgUrl":"https://s1.dia.es/medias/h4f/he0/8823061250078.png"},{"title":"DIA queso mascarpone tarrina 250 gr","price":"1,70 €","pricePerUnit":"(6,80 €/Kg.)","imgUrl":"https://s2.dia.es/medias/h37/hd1/8974048690206.jpg"},{"title":"DIA queso mozzarella en lonchas envase 120 gr","price":"0,81 €","pricePerUnit":"(6,75 €/Kg.)","imgUrl":"https://s0.dia.es/medias/h9d/h8f/8974048034846.jpg"},{"title":"DIA queso mozzarella perlas bolsa 150 gr","price":"1,70 €","pricePerUnit":"(11,33 €/Kg.)","imgUrl":"https://s2.dia.es/medias/h40/h21/8849739513886.png"},{"title":"DIA queso para untar light tarrina 250 gr","price":"0,79 €","pricePerUnit":"(3,16 €/Kg.)","imgUrl":"https://s0.dia.es/medias/h58/h07/9081023594526.jpg"},{"title":"DIA queso para untar natural tarrina 250 gr","price":"0,81 €","pricePerUnit":"(3,24 €/Kg.)","imgUrl":"https://s2.dia.es/medias/h89/hf6/9081016057886.jpg"},{"title":"DIA queso rallado bolsa 200 gr","price":"0,99 €","pricePerUnit":"(4,95 €/Kg.)","imgUrl":"https://s3.dia.es/medias/h82/he1/9004949405726.jpg"},{"title":"DIA queso rallado emmental bolsa 200 gr","price":"1,15 €","pricePerUnit":"(5,75 €/Kg.)","imgUrl":"https://s3.dia.es/medias/h26/hc0/9004952748062.jpg"},{"title":"DIA queso rallado en polvo bolsa 125 gr","price":"1,08 €","pricePerUnit":"(8,64 €/Kg.)","imgUrl":"https://s0.dia.es/medias/hdb/he7/9081031524382.jpg"},{"title":"DIA queso rallado grana padano bolsa 100 gr","price":"1,46 €","pricePerUnit":"(14,60 €/Kg.)","imgUrl":"https://s3.dia.es/medias/h1c/h83/8828621717534.png"},{"title":"DIA queso rallado mezcla 4 quesos bolsa 200 gr","price":"1,69 €","pricePerUnit":"(8,45 €/Kg.)","imgUrl":"https://s3.dia.es/medias/h44/hec/9004984401950.jpg"},{"title":"DIA queso rallado mezcla especial para pizza bolsa 175 g","price":"1,99 €","pricePerUnit":"(11,37 €/Kg.)","imgUrl":"https://s3.dia.es/medias/hbe/hdb/9081061081118.jpg"},{"title":"DIA queso rallado mozzarella bolsa 200 gr","price":"1,20 €","pricePerUnit":"(6,00 €/Kg.)","imgUrl":"https://s2.dia.es/medias/h46/h81/9004989972510.jpg"},{"title":"DIA queso semicurado cuña 300 gr","price":"2,32 €","pricePerUnit":"(7,73 €/Kg.)","imgUrl":"https://s1.dia.es/medias/h54/hc9/8822317350942.png"},{"title":"DIA queso semicurado lonchas envase 200 g","price":"2,09 €","pricePerUnit":"(10,45 €/Kg.)","imgUrl":"https://s0.dia.es/medias/hfd/hb9/8823259430942.png"},{"title":"DIA queso tierno light lonchas envase 200 g","price":"1,88 €","pricePerUnit":"(9,40 €/Kg.)","imgUrl":"https://s2.dia.es/medias/had/h5e/8821838938142.png"},{"title":"DIA queso tierno pieza 1 Kg","price":"6,33 €","pricePerUnit":"(6,33 €/Kg.)","imgUrl":"https://s1.dia.es/medias/h54/h6e/8822211444766.png"},{"title":"DIA queso tierno tronchón cuña 250 gr","price":"2,59 €","pricePerUnit":"(10,36 €/Kg.)","imgUrl":"https://s3.dia.es/medias/h8c/h68/8974110556190.jpg"},{"title":"DIA queso viejo mezcla cuña 275 g","price":"2,88 €","pricePerUnit":"(10,47 €/Kg.)","imgUrl":"https://s3.dia.es/medias/hf4/hf8/8823754391582.png"},{"title":"DODONI queso feta tarrina 200 gr","price":"2,69 €","pricePerUnit":"(13,45 €/Kg.)","imgUrl":"https://s2.dia.es/medias/h1f/h40/9652723744798.jpg"},{"title":"EL CASERIO queso fundido 8 porciones caja 125 gr","price":"1,10 €","pricePerUnit":"(8,80 €/Kg.)","imgUrl":"https://s0.dia.es/medias/he6/h4c/9394408456222.jpg"},{"title":"EL CASERIO queso fundido burger con cheddar en lonchas paquete 185 gr","price":"1,56 €","pricePerUnit":"(8,43 €/Kg.)","imgUrl":"https://s3.dia.es/medias/hc6/h2b/9568118341662.jpg"},{"title":"EL CASERIO queso fundido en lonchas paquete 300 gr","price":"1,78 €","pricePerUnit":"(5,93 €/Kg.)","imgUrl":"https://s1.dia.es/medias/h01/haa/9593101647902.jpg"},{"title":"EL CASERIO queso fundido lonchas envase 150 gr","price":"1,10 €","pricePerUnit":"(7,33 €/Kg.)","imgUrl":"https://s1.dia.es/medias/he0/hf2/9539684892702.jpg"},{"title":"EL CASERIO queso fundido16 porciones caja 250 gr","price":"1,85 €","pricePerUnit":"(7,40 €/Kg.)","imgUrl":"https://s1.dia.es/medias/hd9/h48/9394420908062.jpg"},{"title":"EL CASERIO queso light fundido 16 porciones caja 250 gr","price":"2,00 €","pricePerUnit":"(8,00 €/Kg.)","imgUrl":"https://s0.dia.es/medias/h11/h60/9536245563422.jpg"},{"title":"EL CASERIO queso rallado 3 quesos especial para pizza bolsa 140 gr","price":"2,16 €","pricePerUnit":"(15,43 €/Kg.)","imgUrl":"https://s0.dia.es/medias/h90/h64/9593099354142.jpg"},{"title":"EL CASERIO queso rallado 4 quesos bolsa 140 g","price":"1,99 €","pricePerUnit":"(14,21 €/Kg.)","imgUrl":"https://s3.dia.es/medias/h5e/h78/9569454194718.jpg"},{"title":"EL CASERIO queso rallado en polvo bolsa 90 gr","price":"1,10 €","pricePerUnit":"(12,22 €/Kg.)","imgUrl":"https://s2.dia.es/medias/h00/h3c/9550689763358.jpg"},{"title":"EL CASERIO queso rallado especial pasta bolsa 90 gr","price":"1,10 €","pricePerUnit":"(12,22 €/Kg.)","imgUrl":"https://s2.dia.es/medias/h5b/hc4/9535975620638.jpg"},{"title":"EL GRAN CARDENAL queso de oveja curado cuña 250 gr","price":"3,59 €","pricePerUnit":"(14,36 €/Kg.)","imgUrl":"https://s2.dia.es/medias/h11/hfc/8979743834142.jpg"},{"title":"EL PASTOR DE LA POLVOROSA queso de oveja curado cuña 150 gr","price":"2,00 €","pricePerUnit":"(13,33 €/Kg.)","imgUrl":"https://s3.dia.es/medias/h5a/hdd/8894433132574.png"},{"title":"EL PASTOR DE LA POLVOROSA queso de oveja curado cuña 500 gr","price":"7,75 €","pricePerUnit":"(15,50 €/Kg.)","imgUrl":"https://s1.dia.es/medias/hc0/h78/8979720175646.jpg"},{"title":"EL PASTOR DE LA POLVOROSA queso de vaca rulo madurado envase 140 gr","price":"1,05 €","pricePerUnit":"(7,50 €/Kg.)","imgUrl":"https://s3.dia.es/medias/h36/h16/8864337920030.jpg"},{"title":"EL PASTOR DE LA POLVOROSA queso mezcla curado cuña 175 gr","price":"2,00 €","pricePerUnit":"(11,43 €/Kg.)","imgUrl":"https://s1.dia.es/medias/h3d/h72/8905069985822.jpg"},{"title":"EL PASTOR DE LA POLVOROSA queso mezcla semicurado en lonchas 100 gr","price":"1,00 €","pricePerUnit":"(10,00 €/Kg.)","imgUrl":"https://s1.dia.es/medias/h89/he1/9303456022558.jpg"},{"title":"EL PASTOR DE LA POLVOROSA queso mezcla tierno en lonchas 100 gr","price":"1,00 €","pricePerUnit":"(10,00 €/Kg.)","imgUrl":"https://s0.dia.es/medias/h38/h16/9303461494814.jpg"}]}},"pates-foie-y-untables":{"name":"Patés,foieyuntables","productTypes":["pates","foie","sobrasada"],"pates":{"categoryUrl":"/compra-online/productos/charcuteria-y-quesos/pates-foie-y-untables/pates/c/WEB.002.008.00060","products":[{"title":"CALVO pate atun claro pack 2 latas 165GR","price":"2,10 €","pricePerUnit":"(12,73 €/Kg.)","imgUrl":"https://s2.dia.es/medias/h8a/h8a/9342439161886.jpg"},{"title":"CASINO BIO paté de cerdo tarro 180 gr","price":"1,99 €","pricePerUnit":"(11,06 €/Kg.)","imgUrl":"https://s1.dia.es/medias/h38/h4c/9327495872542.jpg"},{"title":"DIA DELICIOUS bloc de foie gras de pato lata 200 gr","price":"6,25 €","pricePerUnit":"(31,25 €/Kg.)","imgUrl":"https://s2.dia.es/medias/hbb/h2d/9015883923486.jpg"},{"title":"DIA paté campaña tarro 125 gr","price":"0,66 €","pricePerUnit":"(5,28 €/Kg.)","imgUrl":"https://s3.dia.es/medias/hf2/h05/9628195520542.jpg"},{"title":"DIA paté de atún en aceite de oliva pack 2 latas 80 gr","price":"1,53 €","pricePerUnit":"(9,56 €/Kg.)","imgUrl":"https://s1.dia.es/medias/had/h8a/9326255865886.jpg"},{"title":"DIA paté de atún en escabeche pack 2 latas 160 gr","price":"1,39 €","pricePerUnit":"(8,69 €/Kg.)","imgUrl":"https://s2.dia.es/medias/ha5/hf2/8859367964702.png"},{"title":"DIA paté de hígado de cerdo tarro 200 gr","price":"0,74 €","pricePerUnit":"(3,70 €/Kg.)","imgUrl":"https://s0.dia.es/medias/h4b/h1e/8823993466910.png"},{"title":"DIA paté hígado de cerdo lata 3 x 78 gr","price":"1,23 €","pricePerUnit":"(5,26 €/Kg.)","imgUrl":"https://s0.dia.es/medias/ha0/hd2/8822543843358.png"},{"title":"DIA paté ibérico tarro 125 gr","price":"0,78 €","pricePerUnit":"(6,24 €/Kg.)","imgUrl":"https://s1.dia.es/medias/h22/h0a/9628191588382.jpg"},{"title":"LA PIARA paté de atún en aceite de oliva pack 2 latas 75 gr","price":"3,39 €","pricePerUnit":"(20,67 €/Kg.)","imgUrl":"https://s3.dia.es/medias/h12/h29/9322185293854.jpg"},{"title":"LA PIARA paté de atún en escabeche lata 75 gr","price":"1,53 €","pricePerUnit":"(20,40 €/Kg.)","imgUrl":"https://s0.dia.es/medias/h1e/h14/8834369978398.png"},{"title":"LA PIARA paté de hígado de cerdo pack 2 latas 184 gr","price":"2,19 €","pricePerUnit":"(11,90 €/Kg.)","imgUrl":"https://s3.dia.es/medias/hf9/h80/9589836709918.jpg"},{"title":"LA PIARA paté tapa negra lata 225 gr","price":"2,45 €","pricePerUnit":"(10,89 €/Kg.)","imgUrl":"https://s1.dia.es/medias/h9b/h7c/9589892612126.jpg"},{"title":"LA PIARA paté tapa negra rica en hierro lata 75 gr","price":"1,19 €","pricePerUnit":"(14,34 €/Kg.)","imgUrl":"https://s1.dia.es/medias/hd7/h89/9589838348318.jpg"},{"title":"LOURIÑO pate iberico lata 200GR","price":"1,55 €","pricePerUnit":"(7,75 €/Kg.)","imgUrl":"https://s3.dia.es/medias/h8c/h5d/9570268315678.jpg"},{"title":"SOROA paté de pato al champagne lata 130 gr","price":"2,70 €","pricePerUnit":"(20,77 €/Kg.)","imgUrl":"https://s0.dia.es/medias/h0a/hde/8850470895646.png"}]},"foie":{"categoryUrl":"/compra-online/productos/charcuteria-y-quesos/pates-foie-y-untables/foie/c/WEB.002.008.00061","products":[{"title":"CASINO BIO foie gras de hígado de aves al coñac tarro 180 gr","price":"1,99 €","pricePerUnit":"(11,06 €/Kg.)","imgUrl":"https://s0.dia.es/medias/ha8/h13/9327511175198.jpg"},{"title":"DIA DELICIOUS foie gras entero pato tarro 125 gr","price":"9,99 €","pricePerUnit":"(79,92 €/Kg.)","imgUrl":"https://s0.dia.es/medias/hc1/h4c/8823708778526.png"},{"title":"DIA DELICIOUS mousse de boletus tarro 115 gr","price":"2,10 €","pricePerUnit":"(18,26 €/Kg.)","imgUrl":"https://s0.dia.es/medias/h5c/h11/8823983505438.png"},{"title":"MARTIKO paté de oca superior 75 gr","price":"1,59 €","pricePerUnit":"(21,20 €/Kg.)","imgUrl":"https://s2.dia.es/medias/h7b/h05/8979747110942.jpg"},{"title":"MARTIKO paté de pato superior 75 gr","price":"1,59 €","pricePerUnit":"(21,20 €/Kg.)","imgUrl":"https://s2.dia.es/medias/h91/ha0/8979832176670.jpg"},{"title":"MARTIKO surtido paté superior envase 4 x 35 gr","price":"2,65 €","pricePerUnit":"(18,93 €/Kg.)","imgUrl":"https://s1.dia.es/medias/h74/h0b/8979823853598.jpg"}]},"sobrasada":{"categoryUrl":"/compra-online/productos/charcuteria-y-quesos/pates-foie-y-untables/sobrasada/c/WEB.002.008.00062","products":[{"title":"EL ZAGAL sobrasada de mallorca tarrina 200 gr","price":"2,04 €","pricePerUnit":"(10,20 €/Kg.)","imgUrl":"https://s2.dia.es/medias/h32/h81/9664524910622.jpg"},{"title":"ELPOZO sobrasada tarrina 250 gr","price":"1,25 €","pricePerUnit":"(5,00 €/Kg.)","imgUrl":"https://s2.dia.es/medias/h83/he5/9594334838814.jpg"}]}},"salchichas":{"name":"Salchichas","productTypes":["salchichas"],"salchichas":{"categoryUrl":"/compra-online/productos/charcuteria-y-quesos/salchichas/salchichas/c/WEB.002.010.00065","products":[{"title":"CAMPOFRÍO salchichas frankfurt pack 4 x 140 gr","price":"1,79 €","pricePerUnit":"(3,20 €/Kg.)","imgUrl":"https://s3.dia.es/medias/h7e/h52/9193693478942.jpg"},{"title":"CAMPOFRÍO salchichas grand bockwurst envase 400 gr","price":"2,99 €","pricePerUnit":"(7,48 €/Kg.)","imgUrl":"https://s2.dia.es/medias/hf5/ha6/9053796728862.jpg"},{"title":"CAMPOFRÍO salchichas grand bratwurst envase 400 gr","price":"2,99 €","pricePerUnit":"(7,48 €/Kg.)","imgUrl":"https://s3.dia.es/medias/h23/he9/9092642177054.jpg"},{"title":"DIA salchichas Baviera envase 300 g","price":"1,46 €","pricePerUnit":"(4,87 €/Kg.)","imgUrl":"https://s3.dia.es/medias/h86/he8/8822526541854.png"},{"title":"DIA salchichas bockwurst tarro 320GR","price":"1,72 €","pricePerUnit":"(5,38 €/Kg.)","imgUrl":"https://s2.dia.es/medias/h93/h4f/8822985687070.png"},{"title":"DIA salchichas cocktail tarro 180GR","price":"1,86 €","pricePerUnit":"(10,33 €/Kg.)","imgUrl":"https://s1.dia.es/medias/ha5/h24/8822943219742.png"},{"title":"DIA salchichas frankfurt envase 4 x 160 gr","price":"1,32 €","pricePerUnit":"(2,06 €/Kg.)","imgUrl":"https://s0.dia.es/medias/hf2/h70/8823961485342.png"},{"title":"DIA salchichas super envase 350 gr","price":"1,49 €","pricePerUnit":"(4,26 €/Kg.)","imgUrl":"https://s3.dia.es/medias/ha9/he0/8822942695454.png"},{"title":"DIA salchichas viena con queso envase 3 x 200 gr","price":"1,49 €","pricePerUnit":"(2,48 €/Kg.)","imgUrl":"https://s3.dia.es/medias/h99/hdb/8823959912478.png"},{"title":"DIA salchichas viena de pollo pack 3 x 200 gr","price":"1,78 €","pricePerUnit":"(2,97 €/Kg.)","imgUrl":"https://s0.dia.es/medias/hc3/hdf/8823662116894.png"},{"title":"ELPOZO salchichas big queso pack 3 x 180 gr","price":"2,00 €","pricePerUnit":"(3,33 €/Kg.)","imgUrl":"https://s0.dia.es/medias/h85/hfe/9594335166494.jpg"},{"title":"ELPOZO salchichas big viena pack 3 x 180 gr","price":"2,00 €","pricePerUnit":"(3,33 €/Kg.)","imgUrl":"https://s2.dia.es/medias/h84/h19/9594265927710.jpg"},{"title":"ELPOZO salchichas frankfurt envase 160 gr","price":"0,45 €","pricePerUnit":"(2,81 €/Kg.)","imgUrl":"https://s2.dia.es/medias/h74/h6d/9594301939742.jpg"},{"title":"ELPOZO salchichas frankfurt pack 6 x 160 gr","price":"2,00 €","pricePerUnit":"(2,38 €/Kg.)","imgUrl":"https://s2.dia.es/medias/h6e/h01/9594277560350.jpg"},{"title":"ELPOZO Supreme salchichas de pavo envase 180 gr","price":"0,75 €","pricePerUnit":"(4,17 €/Kg.)","imgUrl":"https://s3.dia.es/medias/hf8/hb6/9594317733918.jpg"},{"title":"MEICA salchichas cocidas bockwurst frasco 250 gr","price":"3,65 €","pricePerUnit":"(14,60 €/Kg.)","imgUrl":"https://s1.dia.es/medias/he4/h10/9263156592670.jpg"},{"title":"OSCAR MAYER salchichas bocadillo wieners envase 275 gr","price":"1,55 €","pricePerUnit":"(5,64 €/Kg.)","imgUrl":"https://s2.dia.es/medias/h00/hac/9193192128542.jpg"},{"title":"OSCAR MAYER salchichas con queso envase 200 gr","price":"0,95 €","pricePerUnit":"(4,75 €/Kg.)","imgUrl":"https://s3.dia.es/medias/h0e/h34/9193171583006.jpg"},{"title":"OSCAR MAYER salchichas de pollo envase 200 g","price":"0,94 €","pricePerUnit":"(4,70 €/Kg.)","imgUrl":"https://s1.dia.es/medias/h74/hdc/9102887125022.jpg"},{"title":"OSCAR MAYER salchichas jumbo c/ queso envase 350 g","price":"1,65 €","pricePerUnit":"(4,71 €/Kg.)","imgUrl":"https://s1.dia.es/medias/hd3/haa/9163811815454.jpg"},{"title":"OSCAR MAYER salchichas jumbo Wieners envase 350 g","price":"1,65 €","pricePerUnit":"(4,71 €/Kg.)","imgUrl":"https://s3.dia.es/medias/ha1/hc0/9092653056030.jpg"},{"title":"OSCAR MAYER salchichas todo ave pavo envase 200 gr","price":"0,96 €","pricePerUnit":"(4,80 €/Kg.)","imgUrl":"https://s0.dia.es/medias/he2/hd9/9683339935774.jpg"},{"title":"OSCAR MAYER salchichas Wieners envase 200 g","price":"0,95 €","pricePerUnit":"(4,75 €/Kg.)","imgUrl":"https://s3.dia.es/medias/hff/h2d/9147718467614.jpg"},{"title":"SCHARA salchichas  frankfrut alemana tradicional pikante envase 170 gr","price":"2,81 €","pricePerUnit":"(16,53 €/Kg.)","imgUrl":"https://s3.dia.es/medias/h05/h2d/9570245640222.jpg"},{"title":"SCHARA salchichas frankfrut alemana tradicional envase 170 gr","price":"2,50 €","pricePerUnit":"(14,71 €/Kg.)","imgUrl":"https://s3.dia.es/medias/h3c/h35/9569546174494.jpg"},{"title":"WUDY salchichas de pavo y pollo envase 250 gr","price":"1,30 €","pricePerUnit":"(5,20 €/Kg.)","imgUrl":"https://s3.dia.es/medias/hcf/h6e/8980721827870.jpg"}]}}},"alimentacion":{"name":"Alimentación","subCategoriesName":["aceite","aceitunas-y-encurtidos","arroz","caldos-sopas-pures-y-gazpacho","conservas-dulces-y-mermeladas","conservas-pescado","conservas-vegetales","harinas","legumbres","pastas","patatas-fritas-aperitivos-y-frutos-secos","pizza-bases-y-masas","platos-preparados","platos-preparados-en-sobre","platos-preparados-refrigerados","sal-especias-y-sazonadores","salsas","vinagre-y-alinos","dieteticos","internacional"],"aceite":{"name":"Aceite","productTypes":["aceite-de-girasol","aceite-de-oliva-suave-05º","aceite-de-oliva-intenso-06º1º","aceite-de-oliva-virgen-y-virgen-extra","otros-aceites"],"aceite-de-girasol":{"categoryUrl":"/compra-online/productos/alimentacion/aceite/aceite-de-girasol/c/WEB.003.012.00082","products":[{"title":"DIA aceite de girasol garrafa  5 lt","price":"4,79 €","pricePerUnit":"(0,96 €/l.)","imgUrl":"https://s3.dia.es/medias/hc7/hc9/8822174744606.png"},{"title":"DIA aceite girasol botella 1 lt","price":"0,99 €","pricePerUnit":"(0,99 €/l.)","imgUrl":"https://s3.dia.es/medias/h06/h69/8821953232926.png"},{"title":"KOIPE Fritos aceite de girasol botella 1 lt","price":"1,99 €","pricePerUnit":"(1,99 €/l.)","imgUrl":"https://s0.dia.es/medias/h64/ha0/9552652763166.jpg"},{"title":"KOIPE Sol aceite girasol botella 1 lt","price":"1,69 €","pricePerUnit":"(1,69 €/l.)","imgUrl":"https://s2.dia.es/medias/h96/h91/9552659644446.jpg"}]},"aceite-de-oliva-suave-05º":{"categoryUrl":"/compra-online/productos/alimentacion/aceite/aceite-de-oliva-suave-05º/c/WEB.003.012.00085","products":[{"title":"ABRIL aceite de oliva suave botella 1 lt","price":"3,06 €","pricePerUnit":"(3,06 €/l.)","imgUrl":"https://s0.dia.es/medias/h18/h8c/9646213922846.jpg"},{"title":"ABRIL aceite de oliva suave garrafa 3 lt","price":"9,19 €","pricePerUnit":"(3,06 €/l.)","imgUrl":"https://s0.dia.es/medias/h19/h06/9677925908510.jpg"},{"title":"CARBONELL aceite de oliva suave botella 1 lt","price":"3,99 €","pricePerUnit":"(3,99 €/l.)","imgUrl":"https://s2.dia.es/medias/h46/he3/9675358306334.jpg"},{"title":"DIA aceite de oliva suave botella 1 lt","price":"2,69 €","pricePerUnit":"(2,69 €/l.)","imgUrl":"https://s3.dia.es/medias/hb2/hf6/8822041575454.png"},{"title":"DIA aceite de oliva suave garrafa  5 lt","price":"11,95 €","pricePerUnit":"(2,39 €/l.)","imgUrl":"https://s2.dia.es/medias/h7f/h0f/8822465200158.png"},{"title":"LA ESPAÑOLA aceite oliva suave botella 1 lt","price":"3,99 €","pricePerUnit":"(3,99 €/l.)","imgUrl":"https://s3.dia.es/medias/h65/hd1/8833134395422.png"}]},"aceite-de-oliva-intenso-06º1º":{"categoryUrl":"/compra-online/productos/alimentacion/aceite/aceite-de-oliva-intenso-06º1º/c/WEB.003.012.00084","products":[{"title":"ABRIL aceite de oliva intenso 1º garrafa 3 lt","price":"9,19 €","pricePerUnit":"(3,06 €/l.)","imgUrl":"https://s2.dia.es/medias/h10/h22/9677926236190.jpg"},{"title":"ABRIL aceite de oliva intenso botella 1 lt","price":"3,06 €","pricePerUnit":"(3,06 €/l.)","imgUrl":"https://s2.dia.es/medias/hb8/h37/9646196555806.jpg"},{"title":"DIA aceite de oliva intenso botella 1 lt","price":"2,69 €","pricePerUnit":"(2,69 €/l.)","imgUrl":"https://s3.dia.es/medias/ha9/had/8821832646686.png"},{"title":"DIA aceite oliva intenso garrafa  5 lt","price":"11,95 €","pricePerUnit":"(2,39 €/l.)","imgUrl":"https://s3.dia.es/medias/h6d/h91/8822912811038.png"}]},"aceite-de-oliva-virgen-y-virgen-extra":{"categoryUrl":"/compra-online/productos/alimentacion/aceite/aceite-de-oliva-virgen-y-virgen-extra/c/WEB.003.012.00086","products":[{"title":"ABRIL aceite de oliva virgen extra botella 1 lt","price":"3,87 €","pricePerUnit":"(3,87 €/l.)","imgUrl":"https://s2.dia.es/medias/hea/h6a/9646262550558.jpg"},{"title":"ABRIL aceite de oliva virgen extra botella 500 ml","price":"2,97 €","pricePerUnit":"(5,94 €/l.)","imgUrl":"https://s3.dia.es/medias/h24/h34/8958654087198.jpg"},{"title":"CAPRICHO ANDALUZ set aliño aceite de oliva y vinagre bolsa 5+5 uds","price":"1,38 €","pricePerUnit":"(1,38 €/ud.)","imgUrl":"https://s2.dia.es/medias/h6c/he8/9621631631390.jpg"},{"title":"CARBONELL aceite de oliva extra virgen botella 750 ml","price":"4,95 €","pricePerUnit":"(6,60 €/l.)","imgUrl":"https://s3.dia.es/medias/hdc/h65/9675357978654.jpg"},{"title":"CARBONELL aceite de oliva virgen extra botella 500 ml","price":"2,99 €\n\t\t\t\t\t\t\t2,49 €","pricePerUnit":"(5,98 €/l.)\n\t\t\t\t\t\t\t (4,98 €/l.)","imgUrl":"https://s3.dia.es/medias/hb9/h38/9570812133406.jpg"},{"title":"COOSUR aceite  de oliva virgen extra hojiblanca botella 1 lt","price":"4,99 €","pricePerUnit":"(4,99 €/l.)","imgUrl":"https://s0.dia.es/medias/hdf/h4a/9490350931998.jpg"},{"title":"COOSUR aceite de oliva  virgen extra picual botella 1 lt","price":"4,99 €","pricePerUnit":"(4,99 €/l.)","imgUrl":"https://s1.dia.es/medias/hef/h44/9490359451678.jpg"},{"title":"DIA aceite  de oliva virgen extra frutado garrafa  5 lt","price":"16,59 €","pricePerUnit":"(3,32 €/l.)","imgUrl":"https://s0.dia.es/medias/h3f/hf7/9114698055710.jpg"},{"title":"DIA aceite de oliva  virgen extra garrafa  5 lt","price":"16,59 €","pricePerUnit":"(3,32 €/l.)","imgUrl":"https://s3.dia.es/medias/hdd/h55/9114676953118.jpg"},{"title":"DIA aceite de oliva virgen extra botella 1 lt","price":"3,59 €","pricePerUnit":"(3,59 €/l.)","imgUrl":"https://s1.dia.es/medias/h6e/h3d/9633771716638.jpg"},{"title":"DIA aceite de oliva virgen extra botella 750 ml","price":"3,73 €","pricePerUnit":"(4,97 €/l.)","imgUrl":"https://s1.dia.es/medias/h46/h44/9102081097758.jpg"},{"title":"DIA aceite de oliva virgen extra frutado botella 1 lt","price":"3,59 €","pricePerUnit":"(3,59 €/l.)","imgUrl":"https://s1.dia.es/medias/h90/he2/8823088513054.png"},{"title":"DIA DELICIOUS aceite de oliva virgen extra arbequina botella 500 ml","price":"2,99 €","pricePerUnit":"(5,98 €/l.)","imgUrl":"https://s1.dia.es/medias/hf9/h9f/9032007221278.jpg"},{"title":"DIA DELICIOUS aceite virgen extra picual botella 500 ml","price":"2,99 €","pricePerUnit":"(5,98 €/l.)","imgUrl":"https://s3.dia.es/medias/h08/h89/8980645871646.jpg"},{"title":"HOJIBLANCA aceite de oliva virgen extra botella 1 lt","price":"5,25 €","pricePerUnit":"(5,25 €/l.)","imgUrl":"https://s2.dia.es/medias/h25/hd2/9680321937438.jpg"},{"title":"HOJIBLANCA aceite de oliva virgen extra desayunos y meriendas botella 500 ml","price":"3,99 €","pricePerUnit":"(7,98 €/l.)","imgUrl":"https://s3.dia.es/medias/h35/hda/9680502128670.jpg"},{"title":"HOJIBLANCA aceite de oliva virgen extra ensaladas y verduras botella 500 ml","price":"3,99 €","pricePerUnit":"(7,98 €/l.)","imgUrl":"https://s2.dia.es/medias/h46/h96/9527166074910.jpg"},{"title":"JAENCOOP aceite de oliva virgen extra botella 1 lt","price":"4,95 €","pricePerUnit":"(4,95 €/l.)","imgUrl":"https://s3.dia.es/medias/hb3/h0e/9029158961182.jpg"},{"title":"JAENCOOP aceite de oliva virgen extra botella 250 ml","price":"2,20 €","pricePerUnit":"(8,80 €/l.)","imgUrl":"https://s2.dia.es/medias/ha9/hcc/9029108170782.jpg"},{"title":"JAENCOOP aceite de oliva virgen extra garrafa 2 lt","price":"11,45 €","pricePerUnit":"(5,73 €/l.)","imgUrl":"https://s0.dia.es/medias/h26/h3d/9326307639326.jpg"},{"title":"JAENCOOP aceite de oliva virgen extra garrafa 5 lt","price":"22,99 €","pricePerUnit":"(4,60 €/l.)","imgUrl":"https://s0.dia.es/medias/h1b/hf4/9326274543646.jpg"},{"title":"OLEUM DEL MOLINO aceite de oliva virgen extra botella 500 ml","price":"5,94 €","pricePerUnit":"(11,88 €/l.)","imgUrl":"https://s0.dia.es/medias/h94/hf4/9107472089118.jpg"},{"title":"VALMASERA aceite de oliva virgen extra bio botella 750 ml","price":"7,50 €","pricePerUnit":"(10,00 €/l.)","imgUrl":"https://s3.dia.es/medias/hdb/hb7/9118310957086.jpg"}]},"otros-aceites":{"categoryUrl":"/compra-online/productos/alimentacion/aceite/otros-aceites/c/WEB.003.012.00089","products":[{"title":"ABRIL aceite refinado de semillas botella 1 lt","price":"1,19 €","pricePerUnit":"(1,19 €/l.)","imgUrl":"https://s2.dia.es/medias/h3c/h81/9646291124254.jpg"},{"title":"DIA aceite de orujo  botella 1 lt","price":"2,09 €","pricePerUnit":"(2,09 €/l.)","imgUrl":"https://s3.dia.es/medias/he1/he2/8821903949854.png"},{"title":"DIA aceite de semillas botella 1 lt","price":"1,48 €","pricePerUnit":"(1,48 €/l.)","imgUrl":"https://s1.dia.es/medias/haa/hd1/9154232057886.jpg"}]}},"aceitunas-y-encurtidos":{"name":"Aceitunasyencurtidos","productTypes":["aceitunas-verdes","aceitunas-negras","aceitunas-rellenas","encurtidos"],"aceitunas-verdes":{"categoryUrl":"/compra-online/productos/alimentacion/aceitunas-y-encurtidos/aceitunas-verdes/c/WEB.003.013.00090","products":[{"title":"DIA aceituna gordal c/h TARRO 500GR","price":"2,75 €","pricePerUnit":"(5,50 €/Kg.)","imgUrl":"https://s1.dia.es/medias/h21/h59/8833375895582.png"},{"title":"DIA aceituna gordal sin hueso frasco 400 gr","price":"2,50 €","pricePerUnit":"(6,25 €/Kg.)","imgUrl":"https://s3.dia.es/medias/h91/h9f/9076108099614.jpg"},{"title":"DIA aceitunas manzanilla con hueso frasco 500 gr","price":"1,49 €","pricePerUnit":"(2,98 €/Kg.)","imgUrl":"https://s2.dia.es/medias/h73/h99/8822394421278.png"},{"title":"DIA aceitunas manzanilla verde sin hueso frasco 400 gr","price":"1,85 €","pricePerUnit":"(4,63 €/Kg.)","imgUrl":"https://s2.dia.es/medias/h5e/hc6/8823906435102.png"},{"title":"DIA aceitunas verdes con hueso sabor anchoa frasco 500 gr","price":"1,79 €","pricePerUnit":"(3,58 €/Kg.)","imgUrl":"https://s1.dia.es/medias/h3d/he6/8823871307806.png"},{"title":"DIA aceitunas verdes gazpacha con hueso frasco 500 gr","price":"1,89 €","pricePerUnit":"(3,78 €/Kg.)","imgUrl":"https://s2.dia.es/medias/ha6/hca/8824038031390.png"},{"title":"DIA aceitunas verdes sin hueso pack 3 x 75 gr","price":"1,30 €","pricePerUnit":"(5,78 €/Kg.)","imgUrl":"https://s0.dia.es/medias/h5b/h4f/9656230936606.jpg"},{"title":"EL FARO aceitunas con pepinillos en vinagre frasco 180 gr","price":"2,05 €","pricePerUnit":"(11,39 €/Kg.)","imgUrl":"https://s1.dia.es/medias/h17/h5c/8834692546590.png"},{"title":"FRAGATA aceitunas verdes sin hueso aliñadas con pimientos frasco 163 gr","price":"1,45 €","pricePerUnit":"(8,90 €/Kg.)","imgUrl":"https://s0.dia.es/medias/h1c/h47/8962686844958.jpg"},{"title":"JOLCA aceituna gordal aliñada frasco 360 gr","price":"3,39 €","pricePerUnit":"(9,42 €/Kg.)","imgUrl":"https://s1.dia.es/medias/hec/h7e/9668422041630.jpg"},{"title":"JOLCA aceituna verde gazpacha frasco 500 gr","price":"3,09 €","pricePerUnit":"(6,18 €/Kg.)","imgUrl":"https://s0.dia.es/medias/h00/h9e/9668446912542.jpg"},{"title":"JOLCA aceitunas partidas aliñadas lata 185 gr","price":"1,35 €","pricePerUnit":"(3,86 €/Kg.)","imgUrl":"https://s1.dia.es/medias/h38/hc6/9388838289438.jpg"},{"title":"JOLCA aceitunas verdes con hueso bolsa 120 gr","price":"0,62 €","pricePerUnit":"(5,17 €/Kg.)","imgUrl":"https://s2.dia.es/medias/hf6/h93/8914822070302.jpg"},{"title":"JOLCA aceitunas verdes sin hueso bolsa 90 gr","price":"0,62 €","pricePerUnit":"(6,89 €/Kg.)","imgUrl":"https://s1.dia.es/medias/h50/h90/8914810535966.jpg"},{"title":"LUPY aceitunas gordales picantes bolsa 100 gr","price":"0,65 €","pricePerUnit":"(6,50 €/Kg.)","imgUrl":"https://s1.dia.es/medias/h8d/h22/9631896764446.jpg"},{"title":"LUPY aceitunas gordales picantes frasco 600 gr","price":"4,39 €","pricePerUnit":"(7,32 €/Kg.)","imgUrl":"https://s3.dia.es/medias/hd2/hd4/9631897419806.jpg"},{"title":"SERPIS aceitunas verdes rodajas frasco 150 gr","price":"1,25 €","pricePerUnit":"(8,33 €/Kg.)","imgUrl":"https://s3.dia.es/medias/h3e/ha0/9004799524894.jpg"}]},"aceitunas-negras":{"categoryUrl":"/compra-online/productos/alimentacion/aceitunas-y-encurtidos/aceitunas-negras/c/WEB.003.013.00095","products":[{"title":"DIA aceitunas negras con hueso lata 200 gr","price":"0,79 €","pricePerUnit":"(3,95 €/Kg.)","imgUrl":"https://s3.dia.es/medias/h37/h95/8821993668638.png"},{"title":"DIA aceitunas negras de Aragón frasco 250 gr","price":"1,60 €","pricePerUnit":"(6,40 €/Kg.)","imgUrl":"https://s2.dia.es/medias/h70/hc0/9102101610526.jpg"},{"title":"DIA aceitunas negras sin hueso lata 150 gr","price":"0,85 €","pricePerUnit":"(5,67 €/Kg.)","imgUrl":"https://s2.dia.es/medias/hc3/h29/8824030691358.png"},{"title":"SERPIS aceitunas negras sin hueso lata 85 gr","price":"0,98 €","pricePerUnit":"(11,53 €/Kg.)","imgUrl":"https://s0.dia.es/medias/he1/h03/8976170450974.jpg"}]},"aceitunas-rellenas":{"categoryUrl":"/compra-online/productos/alimentacion/aceitunas-y-encurtidos/aceitunas-rellenas/c/WEB.003.013.00096","products":[{"title":"DIA aceituna rellenas de anchoas pack 3 latas 50 gr","price":"1,48 €","pricePerUnit":"(9,87 €/Kg.)","imgUrl":"https://s2.dia.es/medias/hdc/hb3/8823052861470.png"},{"title":"DIA aceitunas aliñadas receta del campo frasco 180 gr","price":"1,49 €","pricePerUnit":"(7,84 €/Kg.)","imgUrl":"https://s3.dia.es/medias/h56/h5a/9039608152094.jpg"},{"title":"DIA aceitunas rellenas de anchoa 70% menos de sal lata 130 gr","price":"0,89 €","pricePerUnit":"(6,85 €/Kg.)","imgUrl":"https://s2.dia.es/medias/h83/h58/9039606906910.jpg"},{"title":"DIA aceitunas rellenas de anchoa suave lata 130 gr","price":"0,73 €","pricePerUnit":"(5,62 €/Kg.)","imgUrl":"https://s2.dia.es/medias/hc8/h5d/8822336749598.png"},{"title":"DIA aceitunas rellenas de anchoas lata 345 gr","price":"1,56 €","pricePerUnit":"(4,52 €/Kg.)","imgUrl":"https://s2.dia.es/medias/ha3/h98/9039633055774.jpg"},{"title":"DIA aceitunas rellenas de pimiento lata 150 gr","price":"0,73 €","pricePerUnit":"(4,87 €/Kg.)","imgUrl":"https://s1.dia.es/medias/h64/hd1/9076111441950.jpg"},{"title":"DIA DELICIOUS aceituna gordal rellena de cebollita frasco 140 gr","price":"1,49 €","pricePerUnit":"(10,64 €/Kg.)","imgUrl":"https://s0.dia.es/medias/h1e/h6c/9326270677022.jpg"},{"title":"DIA DELICIOUS aceitunas rellenas de queso azul lata 130 gr","price":"0,99 €","pricePerUnit":"(7,62 €/Kg.)","imgUrl":"https://s2.dia.es/medias/he2/h87/9039651078174.jpg"},{"title":"FRAGATA aceit manzan rell anchoa FRASCO 150GR","price":"1,25 €","pricePerUnit":"(8,33 €/Kg.)","imgUrl":"https://s0.dia.es/medias/h4c/h63/9658858602526.jpg"},{"title":"FRAGATA aceitunas rellenas de anchoa lata 345 gr","price":"2,99 €","pricePerUnit":"(8,67 €/Kg.)","imgUrl":"https://s3.dia.es/medias/h18/h1a/8962756378654.jpg"},{"title":"JOLCA aceit rell anchoa p2 LATA 170GR","price":"1,65 €","pricePerUnit":"(9,71 €/Kg.)","imgUrl":"https://s2.dia.es/medias/h45/h9c/9668399595550.jpg"},{"title":"JOLCA aceituna rell anchoa LATA 130GR","price":"1,19 €","pricePerUnit":"(9,15 €/Kg.)","imgUrl":"https://s3.dia.es/medias/h5d/h3a/9668447240222.jpg"},{"title":"JOLCA aceituna rellena de anchoa del cantábrico lata 150 gr","price":"1,69 €","pricePerUnit":"(11,27 €/Kg.)","imgUrl":"https://s2.dia.es/medias/ha4/he3/9668457562142.jpg"},{"title":"JOLCA aceituna rellena de anchoa suave lata 130GR","price":"1,20 €","pricePerUnit":"(9,23 €/Kg.)","imgUrl":"https://s0.dia.es/medias/h1c/h29/8914789564446.jpg"},{"title":"LA ESPAÑOLA aceitunas rellenas de anchoa lata 150 gr","price":"1,40 €","pricePerUnit":"(9,33 €/Kg.)","imgUrl":"https://s2.dia.es/medias/h78/h85/9570174074910.jpg"},{"title":"LA ESPAÑOLA aceitunas rellenas de anchoas mini pack 3 latas 50 gr","price":"1,95 €","pricePerUnit":"(5,42 €/Kg.)","imgUrl":"https://s2.dia.es/medias/h47/h54/9581316145182.jpg"},{"title":"LA ESPAÑOLA aceitunas suaves rellenas de anchoa lata 150 gr","price":"1,25 €","pricePerUnit":"(8,33 €/Kg.)","imgUrl":"https://s3.dia.es/medias/haa/hfa/9581249232926.jpg"},{"title":"LA ESPAÑOLA aceitunas verdes rellenas de anchoas pack 3 latas 150 gr","price":"2,20 €","pricePerUnit":"(14,67 €/Kg.)","imgUrl":"https://s3.dia.es/medias/h37/h4e/9581246283806.jpg"},{"title":"SERPIS aceitunas rellenas de anchoa bajo en sal lata 130 gr","price":"1,54 €","pricePerUnit":"(11,85 €/Kg.)","imgUrl":"https://s1.dia.es/medias/h7e/h3a/8976176349214.jpg"},{"title":"SERPIS aceitunas rellenas de anchoa lata 150 gr","price":"1,72 €","pricePerUnit":"(11,47 €/Kg.)","imgUrl":"https://s2.dia.es/medias/hf2/hf7/8976174055454.jpg"},{"title":"SERPIS aceitunas rellenas de anchoa pack 4 latas 120 gr","price":"2,26 €","pricePerUnit":"(11,30 €/Kg.)","imgUrl":"https://s2.dia.es/medias/hec/h78/8862904877086.jpg"},{"title":"SERPIS aceitunas rellenas de anchoas lata 130 gr","price":"1,39 €","pricePerUnit":"(10,69 €/Kg.)","imgUrl":"https://s2.dia.es/medias/hc9/h9a/8862751391774.jpg"},{"title":"TRES BES aceitunas rellenas de anchoa lata 345 gr","price":"2,59 €","pricePerUnit":"(7,51 €/Kg.)","imgUrl":"https://s1.dia.es/medias/hbe/hdb/8863925829662.jpg"}]},"encurtidos":{"categoryUrl":"/compra-online/productos/alimentacion/aceitunas-y-encurtidos/encurtidos/c/WEB.003.013.00103","products":[{"title":"CALZADO berenjena aliñada LATA 420GR","price":"1,83 €","pricePerUnit":"(4,36 €/Kg.)","imgUrl":"https://s2.dia.es/medias/h25/h51/9048172363806.jpg"},{"title":"DIA alcaparras en vinagre frasco 80 gr","price":"1,02 €","pricePerUnit":"(12,75 €/Kg.)","imgUrl":"https://s2.dia.es/medias/h03/h11/8823817306142.png"},{"title":"DIA altramuces extra frasco 440 gr","price":"1,57 €","pricePerUnit":"(3,57 €/Kg.)","imgUrl":"https://s2.dia.es/medias/h1e/hae/9102081753118.jpg"},{"title":"DIA banderillas dulces frasco 140 gr","price":"0,82 €","pricePerUnit":"(5,86 €/Kg.)","imgUrl":"https://s2.dia.es/medias/h9e/h81/9052594667550.jpg"},{"title":"DIA banderillas picantes FRASCO 140GR","price":"0,77 €","pricePerUnit":"(5,50 €/Kg.)","imgUrl":"https://s1.dia.es/medias/h9d/hbd/8957741793310.png"},{"title":"DIA cebollitas en vinagre frasco 180 gr","price":"0,99 €","pricePerUnit":"(5,50 €/Kg.)","imgUrl":"https://s0.dia.es/medias/he7/h2a/8834945908766.png"},{"title":"DIA cocktail encurtidos frasco 250 gr","price":"1,38 €","pricePerUnit":"(5,52 €/Kg.)","imgUrl":"https://s2.dia.es/medias/haf/h53/8822421159966.png"},{"title":"DIA cocktail mix picoteo lata 185 gr","price":"1,27 €","pricePerUnit":"(6,86 €/Kg.)","imgUrl":"https://s0.dia.es/medias/h57/h7a/9076091617310.jpg"},{"title":"DIA DELICIOUS aceituna gordal con pepinillo frasco 180 gr","price":"1,89 €","pricePerUnit":"(10,50 €/Kg.)","imgUrl":"https://s3.dia.es/medias/h14/h74/9076055965726.jpg"},{"title":"DIA guindillas en vinagre frasco 120 gr","price":"0,73 €","pricePerUnit":"(6,08 €/Kg.)","imgUrl":"https://s3.dia.es/medias/haa/hf0/8821842083870.png"},{"title":"DIA mix de encurtidos cebollitas y pepinillos frasco 380 gr","price":"1,66 €","pricePerUnit":"(4,37 €/Kg.)","imgUrl":"https://s0.dia.es/medias/h12/hc2/8823858724894.png"},{"title":"DIA pepinillo agridulce frasco 360 gr","price":"1,39 €","pricePerUnit":"(3,86 €/Kg.)","imgUrl":"https://s1.dia.es/medias/hf1/h3d/8823891755038.png"},{"title":"DIA pepinillo pequeño FRASCO 180GR","price":"1,04 €","pricePerUnit":"(5,78 €/Kg.)","imgUrl":"https://s3.dia.es/medias/h09/hdf/8822275407902.png"},{"title":"DIA pepinillos sabor anchoa frasco 180 gr","price":"1,04 €","pricePerUnit":"(5,78 €/Kg.)","imgUrl":"https://s0.dia.es/medias/hfa/h31/8823913775134.png"},{"title":"DIA picadillo variantes TARRO 200GR","price":"0,92 €","pricePerUnit":"(4,60 €/Kg.)","imgUrl":"https://s0.dia.es/medias/h8f/h29/8832903708702.png"},{"title":"EL FARO banderillas picantes en vinagre frasco 160 gr","price":"1,30 €","pricePerUnit":"(8,13 €/Kg.)","imgUrl":"https://s3.dia.es/medias/he5/hdc/8895456575518.png"},{"title":"EL FARO picadillo de variantes en vinagre frasco 350 gr","price":"0,99 €","pricePerUnit":"(4,95 €/Kg.)","imgUrl":"https://s2.dia.es/medias/hab/he1/8879277113374.jpg"},{"title":"FRAGATA alcaparras en salmuera frasco 65 gr","price":"0,99 €","pricePerUnit":"(15,23 €/Kg.)","imgUrl":"https://s1.dia.es/medias/hae/he9/9392730341406.jpg"},{"title":"FRAGATA dientes de ajo frasco 85 gr","price":"1,05 €","pricePerUnit":"(12,35 €/Kg.)","imgUrl":"https://s0.dia.es/medias/hbb/h99/9273568755742.jpg"},{"title":"KHUNE pepinillos frasco 360 gr","price":"2,99 €","pricePerUnit":"(8,31 €/Kg.)","imgUrl":"https://s0.dia.es/medias/h60/h53/9263100755998.jpg"},{"title":"KIMBO toreras picantes aliñadas con aceite de oliva y anchoas lata 120 gr","price":"1,85 €","pricePerUnit":"(15,42 €/Kg.)","imgUrl":"https://s0.dia.es/medias/hf6/h35/9154272100382.jpg"},{"title":"RIOVERDE cebollitas rojas frasco 180GR","price":"1,15 €","pricePerUnit":"(6,39 €/Kg.)","imgUrl":"https://s3.dia.es/medias/h79/h60/8833207468062.png"}]}},"arroz":{"name":"Arroz","productTypes":["redondo","largo","cocido","vaporizado","especial-integral-y-semolas"],"redondo":{"categoryUrl":"/compra-online/productos/alimentacion/arroz/redondo/c/WEB.003.015.00109","products":[{"title":"BRILLANTE arroz sabroz paquete 1 Kg","price":"1,65 €","pricePerUnit":"(1,65 €/Kg.)","imgUrl":"https://s1.dia.es/medias/h70/h1b/9059158655006.jpg"},{"title":"DIA arroz redondo extra paquete 1 Kg","price":"0,75 €","pricePerUnit":"(0,75 €/Kg.)","imgUrl":"https://s1.dia.es/medias/h3f/h17/9515705270302.jpg"},{"title":"DIA DELICIOUS arroz bomba paquete 1 kg","price":"2,65 €","pricePerUnit":"(2,65 €/Kg.)","imgUrl":"https://s2.dia.es/medias/h92/hb9/8822068838430.png"},{"title":"FALLERA arroz redondo extra PAQUETE 1 KG","price":"1,36 €","pricePerUnit":"(1,36 €/Kg.)","imgUrl":"https://s3.dia.es/medias/hb5/h51/9678755790878.jpg"},{"title":"LA FALLERA arroz bomba bolsa 1 Kg","price":"3,95 €","pricePerUnit":"(3,95 €/Kg.)","imgUrl":"https://s1.dia.es/medias/hf0/hd6/9678823817246.jpg"},{"title":"SOS arroz especial caldoso y meloso paquete 500 gr","price":"1,19 €","pricePerUnit":"(2,38 €/Kg.)","imgUrl":"https://s0.dia.es/medias/h01/h01/9092104159262.jpg"},{"title":"SOS arroz redondo PAQUETE 1KG","price":"1,52 €","pricePerUnit":"(1,52 €/Kg.)","imgUrl":"https://s2.dia.es/medias/hce/hde/9059130408990.jpg"}]},"largo":{"categoryUrl":"/compra-online/productos/alimentacion/arroz/largo/c/WEB.003.015.00108","products":[{"title":"DIA arroz largo categoria 1ª paquete 1 kg","price":"0,75 €","pricePerUnit":"(0,75 €/Kg.)","imgUrl":"https://s2.dia.es/medias/ha9/h6e/9515701338142.jpg"},{"title":"SOS arroz largo paquete 1 Kg","price":"1,28 €","pricePerUnit":"(1,28 €/Kg.)","imgUrl":"https://s1.dia.es/medias/h80/h59/9054556782622.jpg"}]},"cocido":{"categoryUrl":"/compra-online/productos/alimentacion/arroz/cocido/c/WEB.003.015.00107","products":[{"title":"BRILLANTE arroz basmati vaso 2 x 125 gr","price":"1,26 €","pricePerUnit":"(5,04 €/Kg.)","imgUrl":"https://s1.dia.es/medias/h42/hd2/9631910494238.jpg"},{"title":"BRILLANTE arroz integral con chía vaso 2 x 125 gr","price":"1,35 €","pricePerUnit":"(5,40 €/Kg.)","imgUrl":"https://s0.dia.es/medias/hee/heb/9631924125726.jpg"},{"title":"BRILLANTE arroz integral con quinoa vaso 2 x 125 gr","price":"1,45 €","pricePerUnit":"(5,80 €/Kg.)","imgUrl":"https://s2.dia.es/medias/h0c/h2d/9631862194206.jpg"},{"title":"BRILLANTE arroz integral vaso 2 x 125 gr","price":"1,10 €","pricePerUnit":"(4,40 €/Kg.)","imgUrl":"https://s1.dia.es/medias/he0/hef/9631932317726.jpg"},{"title":"BRILLANTE arroz largo XL vaso 2 x 200 gr","price":"1,99 €","pricePerUnit":"(4,98 €/Kg.)","imgUrl":"https://s3.dia.es/medias/h42/h59/9631883198494.jpg"},{"title":"BRILLANTE arroz redondo tradicional vaso 2 x 125 gr","price":"1,26 €","pricePerUnit":"(5,04 €/Kg.)","imgUrl":"https://s3.dia.es/medias/ha8/h0a/9631890210846.jpg"},{"title":"BRILLANTE quinoa vaso 2 x 125 gr","price":"1,35 €","pricePerUnit":"(5,40 €/Kg.)","imgUrl":"https://s2.dia.es/medias/h4c/hc1/9631857279006.jpg"},{"title":"DIA arroz redondo vaso 2 x 125 gr","price":"0,99 €","pricePerUnit":"(3,96 €/Kg.)","imgUrl":"https://s1.dia.es/medias/h91/hfd/9526618226718.jpg"}]},"vaporizado":{"categoryUrl":"/compra-online/productos/alimentacion/arroz/vaporizado/c/WEB.003.015.00110","products":[{"title":"BRILLANTE arroz vaporizado caja 1 Kg","price":"1,69 €","pricePerUnit":"(1,69 €/Kg.)","imgUrl":"https://s0.dia.es/medias/hac/hd4/9164319391774.jpg"},{"title":"DIA arroz vaporizado bolsa 1 kg","price":"1,15 €","pricePerUnit":"(1,15 €/Kg.)","imgUrl":"https://s1.dia.es/medias/hf7/hef/9515709530142.jpg"}]},"especial-integral-y-semolas":{"categoryUrl":"/compra-online/productos/alimentacion/arroz/especial-integral-y-semolas/c/WEB.003.015.00106","products":[{"title":"BRILLANTE arroz integral 8 minutos caja 750 gr","price":"1,69 €","pricePerUnit":"(2,25 €/Kg.)","imgUrl":"https://s3.dia.es/medias/hcf/h24/9213410508830.jpg"},{"title":"BRILLANTE Benefit legumbres, quinoa y verduras vaso 250 gr","price":"1,39 €","pricePerUnit":"(5,56 €/Kg.)","imgUrl":"https://s3.dia.es/medias/h97/h3b/9169820123166.jpg"},{"title":"BRILLANTE cous cous vaso 2 x 125 gr","price":"1,49 €","pricePerUnit":"(5,96 €/Kg.)","imgUrl":"https://s1.dia.es/medias/h4c/h95/9631854985246.jpg"},{"title":"CASINO BIO mezcla de arroz, guisantes y lentejas paquete 500 gr","price":"2,59 €","pricePerUnit":"(5,18 €/Kg.)","imgUrl":"https://s2.dia.es/medias/h27/h05/9327485714462.jpg"},{"title":"CASINO BIO mezcla de trigo y quinoa roja paquete 400 gr","price":"1,75 €","pricePerUnit":"(4,38 €/Kg.)","imgUrl":"https://s3.dia.es/medias/h24/h86/9327530999838.jpg"},{"title":"DIA couscous CAJA 1 KG","price":"1,85 €","pricePerUnit":"(1,85 €/Kg.)","imgUrl":"https://s2.dia.es/medias/h56/he7/8822458384414.png"},{"title":"DIA DELICIOUS arroz basmati paquete 1 Kg","price":"1,86 €","pricePerUnit":"(1,86 €/Kg.)","imgUrl":"https://s1.dia.es/medias/hef/h24/8855768760350.png"},{"title":"DIA DELICIOUS mezcla 3 arroces paquete 1 Kg","price":"2,15 €","pricePerUnit":"(2,15 €/Kg.)","imgUrl":"https://s3.dia.es/medias/h07/h99/9004891930654.jpg"},{"title":"DIA DELICIOUS arroz risotto paquete 500 gr","price":"1,08 €","pricePerUnit":"(2,16 €/Kg.)","imgUrl":"https://s3.dia.es/medias/h19/h50/8825566986270.png"},{"title":"DIA VITAL arroz integral paquete 1 Kg","price":"1,37 €","pricePerUnit":"(1,37 €/Kg.)","imgUrl":"https://s2.dia.es/medias/h8c/he5/9004891340830.jpg"},{"title":"DIA VITAL quinoa paquete 500 gr","price":"2,80 €","pricePerUnit":"(5,60 €/Kg.)","imgUrl":"https://s1.dia.es/medias/h94/h75/9032043593758.jpg"},{"title":"ECOCESTA arroz integral bio paquete 1 Kg","price":"4,70 €","pricePerUnit":"(4,70 €/Kg.)","imgUrl":"https://s3.dia.es/medias/hfc/h59/9664385515550.jpg"},{"title":"ECOCESTA quinoa ecológica paquete 500 gr","price":"4,99 €","pricePerUnit":"(9,98 €/Kg.)","imgUrl":"https://s3.dia.es/medias/h38/h9c/9664335249438.jpg"},{"title":"GALLO cous cous paquete 500 gr","price":"1,34 €","pricePerUnit":"(2,68 €/Kg.)","imgUrl":"https://s1.dia.es/medias/h2f/h0b/9603922853918.jpg"},{"title":"GALLO sémola de trigo paquete 250 gr","price":"0,70 €","pricePerUnit":"(2,80 €/Kg.)","imgUrl":"https://s1.dia.es/medias/h82/hd6/9603754295326.jpg"},{"title":"SOS arroz integral paquete 1 kg","price":"1,65 €","pricePerUnit":"(1,65 €/Kg.)","imgUrl":"https://s1.dia.es/medias/h8b/h0e/9092040949790.jpg"},{"title":"SUNDARI arroz basmati paquete 1 Kg","price":"3,10 €","pricePerUnit":"(3,10 €/Kg.)","imgUrl":"https://s2.dia.es/medias/h88/hfc/9123216261150.jpg"}]}},"caldos-sopas-pures-y-gazpacho":{"name":"Caldos,sopas,purésygazpacho","productTypes":["caldo-concentrado-y-pastillas","caldos-y-sopas-en-brick","sopas-en-sobre","cremas-en-brick","cremas-en-sobre","pure-de-patata","gazpacho-y-salmorejo"],"caldo-concentrado-y-pastillas":{"categoryUrl":"/compra-online/productos/alimentacion/caldos-sopas-pures-y-gazpacho/caldo-concentrado-y-pastillas/c/WEB.003.016.00111","products":[{"title":"CASINO BIO caldo de verduras estuche 8 pastillas","price":"1,29 €","pricePerUnit":"(129,00 €/Kg.)","imgUrl":"https://s0.dia.es/medias/h76/h22/9327518056478.jpg"},{"title":"DIA caldo de pollo estuche 24 pastillas","price":"0,74 €","pricePerUnit":"(3,43 €/Kg.)","imgUrl":"https://s2.dia.es/medias/ha4/hd3/9334522707998.jpg"},{"title":"DIA caldo sabor carne estuche 12 pastillas","price":"0,41 €","pricePerUnit":"(0,41 €/ud.)","imgUrl":"https://s2.dia.es/medias/h15/h84/8822332031006.png"},{"title":"GALLINA BLANCA avecrem carne estuche 10 pastillas","price":"1,00 €","pricePerUnit":"(0,10 €/ud.)","imgUrl":"https://s1.dia.es/medias/hb2/ha6/9169856954398.jpg"},{"title":"GALLINA BLANCA avecrem duo legumbres estofadas estuche 8 pastillas","price":"1,35 €","pricePerUnit":"(0,17 €/ud.)","imgUrl":"https://s1.dia.es/medias/h2e/h6e/8958501519390.png"},{"title":"GALLINA BLANCA avecrem pescado estuche 8 pastillas","price":"1,00 €","pricePerUnit":"(0,10 €/ud.)","imgUrl":"https://s0.dia.es/medias/h48/h04/9576883159070.jpg"},{"title":"GALLINA BLANCA avecrem pollo bajo en sal  estuche 10 pastillas","price":"1,72 €","pricePerUnit":"(0,17 €/ud.)","imgUrl":"https://s3.dia.es/medias/h52/hbf/9575011418142.jpg"},{"title":"GALLINA BLANCA avecrem pollo estuche 24 pastillas","price":"2,59 €","pricePerUnit":"(0,11 €/ud.)","imgUrl":"https://s0.dia.es/medias/he7/h4d/9575040221214.jpg"},{"title":"GALLINA BLANCA avecrem pollo estuche 8 pastillas","price":"1,09 €","pricePerUnit":"(0,14 €/ud.)","imgUrl":"https://s0.dia.es/medias/hc4/h9b/9575013056542.jpg"},{"title":"GALLINA BLANCA avecrem vegetal estuche 8 pastillas","price":"1,00 €","pricePerUnit":"(0,10 €/ud.)","imgUrl":"https://s3.dia.es/medias/h24/haa/9576862547998.jpg"},{"title":"KNORR caldo de pescado estuche 12 pastillas","price":"1,58 €","pricePerUnit":"(0,13 €/ud.)","imgUrl":"https://s2.dia.es/medias/hc3/h1e/9015887069214.jpg"},{"title":"KNORR caldo de pollo ecológico estuche 6 pastillas","price":"1,58 €","pricePerUnit":"(0,26 €/ud.)","imgUrl":"https://s1.dia.es/medias/hc4/hb1/9606324191262.jpg"},{"title":"KNORR caldo para paella estuche 8 pastillas","price":"1,58 €","pricePerUnit":"(0,20 €/ud.)","imgUrl":"https://s2.dia.es/medias/h36/h7b/8958727421982.jpg"},{"title":"KNORR caldo vegetal estuche 12 pastillas","price":"1,58 €","pricePerUnit":"(0,13 €/ud.)","imgUrl":"https://s0.dia.es/medias/ha9/he5/9604705746974.jpg"},{"title":"KNORR doble caldo de carne estuche 16 pastillas","price":"1,29 €","pricePerUnit":"(8,06 €/Kg.)","imgUrl":"https://s3.dia.es/medias/h9d/h03/9647364079646.jpg"},{"title":"KNORR doble caldo de carne estuche 24 pastillas + pelador","price":"2,59 €","pricePerUnit":"(0,11 €/ud.)","imgUrl":"https://s2.dia.es/medias/h86/h21/9592250826782.jpg"}]},"caldos-y-sopas-en-brick":{"categoryUrl":"/compra-online/productos/alimentacion/caldos-sopas-pures-y-gazpacho/caldos-y-sopas-en-brick/c/WEB.003.016.00112","products":[{"title":"ANETO caldo de pescado y marisco para paella envase 1 lt","price":"6,70 €","pricePerUnit":"(6,70 €/l.)","imgUrl":"https://s3.dia.es/medias/h0a/hef/9678812282910.jpg"},{"title":"ANETO caldo de pollo bajo en sal envase 1 lt","price":"3,59 €","pricePerUnit":"(3,59 €/l.)","imgUrl":"https://s3.dia.es/medias/hec/h67/9678811562014.jpg"},{"title":"ANETO caldo natural de pescado envase 1 lt","price":"4,30 €","pricePerUnit":"(4,30 €/l.)","imgUrl":"https://s3.dia.es/medias/h9d/h03/9678753824798.jpg"},{"title":"ANETO caldo natural de pollo envase 1,04 lt","price":"3,59 €","pricePerUnit":"(3,45 €/l.)"},{"title":"ANETO caldo natural de pollo envase 500 ml","price":"2,05 €","pricePerUnit":"(4,10 €/l.)","imgUrl":"https://s0.dia.es/medias/h94/h78/9678808285214.jpg"},{"title":"ANETO caldo natural de verduras envase 1 lt","price":"3,59 €","pricePerUnit":"(3,59 €/l.)","imgUrl":"https://s1.dia.es/medias/h10/hdd/9678809268254.jpg"},{"title":"DIA caldo de cocido envase 1 lt","price":"0,90 €","pricePerUnit":"(0,90 €/l.)","imgUrl":"https://s1.dia.es/medias/hc0/h94/9052623699998.jpg"},{"title":"DIA caldo de pescado envase 1 lt","price":"1,25 €","pricePerUnit":"(1,25 €/l.)","imgUrl":"https://s2.dia.es/medias/hfb/h5b/9526606102558.jpg"},{"title":"DIA caldo pollo casero envase 1 lt","price":"0,90 €","pricePerUnit":"(0,90 €/l.)","imgUrl":"https://s1.dia.es/medias/h9e/hd1/9579593007134.jpg"},{"title":"GALLINA BLANCA caldo casero de pollo 100% natural envase 1 lt","price":"2,11 €","pricePerUnit":"(2,11 €/l.)","imgUrl":"https://s3.dia.es/medias/hd6/h40/9179949105182.jpg"},{"title":"GALLINA BLANCA caldo de carne 100% natural envase 1 lt","price":"2,11 €","pricePerUnit":"(2,11 €/l.)","imgUrl":"https://s3.dia.es/medias/hd9/hed/8920554045470.png"},{"title":"GALLINA BLANCA caldo de cocido 100% natural envase 1 lt","price":"2,11 €","pricePerUnit":"(2,11 €/l.)","imgUrl":"https://s3.dia.es/medias/hcf/h36/8920542511134.png"},{"title":"GALLINA BLANCA caldo de pescado 100% natural envase 1 lt","price":"2,11 €","pricePerUnit":"(2,11 €/l.)","imgUrl":"https://s0.dia.es/medias/ha2/hd6/8897418428446.png"},{"title":"GALLINA BLANCA caldo de pollo bajo en sal 100% natural envase 1 lt","price":"2,11 €","pricePerUnit":"(2,11 €/l.)","imgUrl":"https://s1.dia.es/medias/h5c/ha9/8920553521182.png"},{"title":"GALLINA BLANCA caldo para paella envase 1 lt","price":"2,95 €","pricePerUnit":"(2,95 €/l.)","imgUrl":"https://s1.dia.es/medias/h4b/h0a/9112180817950.jpg"},{"title":"GALLINA BLANCA Gourmet caldo de pollo de corral 100% natural envase 1 lt","price":"2,95 €","pricePerUnit":"(2,95 €/l.)","imgUrl":"https://s2.dia.es/medias/ha6/haf/9179979251742.jpg"},{"title":"KNORR caldo casero de pollo envase 1 lt","price":"1,89 €","pricePerUnit":"(1,89 €/l.)","imgUrl":"https://s3.dia.es/medias/h73/h6e/9680344547358.jpg"},{"title":"TREVIJANO sopa de quinoa bandeja 200 gr","price":"2,99 €","pricePerUnit":"(14,95 €/Kg.)","imgUrl":"https://s3.dia.es/medias/h85/hd9/9642363715614.jpg"}]},"sopas-en-sobre":{"categoryUrl":"/compra-online/productos/alimentacion/caldos-sopas-pures-y-gazpacho/sopas-en-sobre/c/WEB.003.016.00115","products":[{"title":"DIA sopa de cebolla sobre 50 gr","price":"0,59 €","pricePerUnit":"(11,80 €/Kg.)","imgUrl":"https://s3.dia.es/medias/h4f/h3e/8979821887518.jpg"},{"title":"DIA sopa de pollo con fideos sobre 72GRS","price":"0,59 €","pricePerUnit":"(8,68 €/Kg.)","imgUrl":"https://s0.dia.es/medias/h39/h1c/9263097872414.jpg"},{"title":"DIA sopa instantánea de pollo con pasta y verduras caja 56 gr","price":"0,75 €","pricePerUnit":"(13,39 €/Kg.)","imgUrl":"https://s1.dia.es/medias/h94/he6/9032012398622.jpg"},{"title":"DIA sopa instantánea de verduras con picatostes caja 63,6 gr","price":"0,75 €","pricePerUnit":"(11,72 €/Kg.)","imgUrl":"https://s2.dia.es/medias/h64/ha8/9032020787230.jpg"},{"title":"DIA sopa jardinera sobre 85GRS","price":"0,59 €","pricePerUnit":"(7,87 €/Kg.)","imgUrl":"https://s3.dia.es/medias/h0e/h14/9263108685854.jpg"},{"title":"GALLINA BLANCA crema de champiñones sobre 70 gr","price":"0,59 €","pricePerUnit":"(8,43 €/Kg.)","imgUrl":"https://s2.dia.es/medias/hbb/h99/8879496691742.png"},{"title":"GALLINA BLANCA sopa de ave con arroz sobre 85 gr","price":"0,59 €","pricePerUnit":"(7,37 €/Kg.)","imgUrl":"https://s0.dia.es/medias/he4/h05/8898099970078.jpg"},{"title":"GALLINA BLANCA sopa de ave con fideos sobre 76GRS","price":"0,77 €","pricePerUnit":"(10,13 €/Kg.)","imgUrl":"https://s2.dia.es/medias/h70/hea/8906771759134.jpg"},{"title":"GALLINA BLANCA sopa de cocido con fideos sobre 72 GRS","price":"0,77 €","pricePerUnit":"(10,69 €/Kg.)","imgUrl":"https://s0.dia.es/medias/h3d/h1e/8909213466654.png"},{"title":"GALLINA BLANCA sopa de cocido gourmet con jamón y chorizo sobre 97 gr","price":"1,30 €","pricePerUnit":"(13,40 €/Kg.)","imgUrl":"https://s3.dia.es/medias/haa/h8c/9344456687646.jpg"},{"title":"GALLINA BLANCA sopa de pescado gourmet con arroz sobre 90 gr","price":"1,30 €","pricePerUnit":"(14,44 €/Kg.)","imgUrl":"https://s3.dia.es/medias/h00/h08/9266911772702.jpg"},{"title":"GALLINA BLANCA sopa de pollo con fideos finos, bajo en sal, sobre 35 gr","price":"0,77 €","pricePerUnit":"(22,00 €/Kg.)","imgUrl":"https://s3.dia.es/medias/hdd/hbc/8904435335198.png"},{"title":"GALLINA BLANCA sopa de pollo con fideos sobre 71GRS","price":"0,77 €","pricePerUnit":"(10,85 €/Kg.)","imgUrl":"https://s3.dia.es/medias/hd2/h46/8905280356382.jpg"},{"title":"GALLINA BLANCA sopa de ternera con estrellitas sobre STAND","price":"0,77 €","pricePerUnit":"(10,41 €/Kg.)","imgUrl":"https://s1.dia.es/medias/h15/haa/8884665417758.png"},{"title":"GALLINA BLANCA sopa de verduras hortelanas sobre 51GRS","price":"0,59 €","pricePerUnit":"(11,57 €/Kg.)","imgUrl":"https://s0.dia.es/medias/h04/h46/8905510977566.png"},{"title":"GALLINA BLANCA sopa jardinera sobre 77 gr","price":"0,64 €","pricePerUnit":"(8,31 €/Kg.)","imgUrl":"https://s2.dia.es/medias/ha8/h77/8898061565982.jpg"},{"title":"GALLINA BLANCA sopa maravilla sobre 85GRS","price":"0,77 €","pricePerUnit":"(9,06 €/Kg.)","imgUrl":"https://s3.dia.es/medias/h4a/h1e/8863715786782.png"},{"title":"GALLINA BLANCA Sopinstant crema de espárragos caja 3 sobres","price":"1,20 €","pricePerUnit":"(21,05 €/Kg.)","imgUrl":"https://s0.dia.es/medias/he3/h2a/9272250990622.jpg"},{"title":"GALLINA BLANCA sopinstant crema de pollo estuche 63 GRS","price":"1,15 €","pricePerUnit":"(18,25 €/Kg.)","imgUrl":"https://s0.dia.es/medias/h41/he5/9272266850334.jpg"},{"title":"GALLINA BLANCA sopinstant pollo estuche 39GRS","price":"1,19 €","pricePerUnit":"(30,51 €/Kg.)","imgUrl":"https://s0.dia.es/medias/h9d/h2d/9272277336094.jpg"},{"title":"GALLINA BLANCA Sopinstant sopa de verduras con picatostes caja 3 sobres","price":"1,19 €","pricePerUnit":"(24,79 €/Kg.)","imgUrl":"https://s1.dia.es/medias/h87/h2a/9272283889694.jpg"},{"title":"KNORR puerro con picatostes caja 42 gr","price":"1,19 €","pricePerUnit":"(28,33 €/Kg.)","imgUrl":"https://s1.dia.es/medias/h48/h78/9607130513438.jpg"},{"title":"KNORR sopa de ave con fideos finos sobre 61 gr","price":"0,61 €","pricePerUnit":"(10,00 €/Kg.)","imgUrl":"https://s3.dia.es/medias/h5d/hd5/9607273906206.jpg"},{"title":"KNORR sopa de cebolla sobre 54G","price":"0,63 €","pricePerUnit":"(11,67 €/Kg.)","imgUrl":"https://s3.dia.es/medias/hd5/h81/9680485089310.jpg"},{"title":"KNORR sopa de pollo con fideos sobre 63 gr","price":"0,61 €","pricePerUnit":"(9,68 €/Kg.)","imgUrl":"https://s3.dia.es/medias/he5/h67/9680333439006.jpg"},{"title":"KNORR sopa thai sobre 69 gr","price":"1,42 €","pricePerUnit":"(20,58 €/Kg.)","imgUrl":"https://s3.dia.es/medias/hd6/he6/9680312631326.jpg"},{"title":"KNORR tomate con picatostes y pasta caja 54 gr","price":"1,19 €","pricePerUnit":"(0,40 €/ud.)","imgUrl":"https://s2.dia.es/medias/hcf/hff/9607192772638.jpg"}]},"cremas-en-brick":{"categoryUrl":"/compra-online/productos/alimentacion/caldos-sopas-pures-y-gazpacho/cremas-en-brick/c/WEB.003.016.00113","products":[{"title":"CASINO BIO crema de verduras mediterráneas envase 1 lt","price":"2,09 €","pricePerUnit":"(2,09 €/l.)","imgUrl":"https://s3.dia.es/medias/h71/h82/9327516418078.jpg"},{"title":"CASINO BIO puré de verduras y hortalizas envase 1 lt","price":"1,95 €","pricePerUnit":"(1,95 €/l.)","imgUrl":"https://s0.dia.es/medias/hfe/h6f/9327521660958.jpg"},{"title":"DIA crema de calabacín con quesito envase 500 ml","price":"1,09 €","pricePerUnit":"(2,18 €/l.)","imgUrl":"https://s3.dia.es/medias/h0b/h77/9334521397278.jpg"},{"title":"DIA crema de calabaza envase 500 ml","price":"1,09 €","pricePerUnit":"(2,18 €/l.)","imgUrl":"https://s3.dia.es/medias/h03/hd4/9334574743582.jpg"},{"title":"DIA crema de verduras envase 500 ml","price":"1,09 €","pricePerUnit":"(2,18 €/l.)","imgUrl":"https://s2.dia.es/medias/hff/h83/9334538436638.jpg"},{"title":"GALLINA BLANCA crema casera de calabaza envase 500 ml","price":"1,89 €","pricePerUnit":"(3,78 €/l.)","imgUrl":"https://s2.dia.es/medias/hb5/h51/9169859575838.jpg"},{"title":"GALLINA BLANCA crema casera de pollo con verduras envase 500 ml","price":"1,89 €","pricePerUnit":"(3,78 €/l.)","imgUrl":"https://s3.dia.es/medias/h13/h0d/9488220586014.jpg"},{"title":"GALLINA BLANCA crema casera de verduras envase 500 ml","price":"1,89 €","pricePerUnit":"(3,78 €/l.)","imgUrl":"https://s0.dia.es/medias/h8a/h21/9169869799454.jpg"},{"title":"KNORR crema de bogavante envase 500 ml","price":"3,52 €","pricePerUnit":"(7,04 €/l.)","imgUrl":"https://s0.dia.es/medias/hfa/hfc/9639428161566.jpg"},{"title":"KNORR crema de calabacín con quesito envase 500 ml","price":"1,69 €","pricePerUnit":"(3,38 €/l.)","imgUrl":"https://s3.dia.es/medias/ha8/hf6/9603930456094.jpg"},{"title":"KNORR crema de calabaza con nata envase 500 ml","price":"1,69 €","pricePerUnit":"(3,38 €/l.)","imgUrl":"https://s1.dia.es/medias/h2d/h9a/9603967811614.jpg"},{"title":"KNORR crema de pollo con verduras envase 1 lt","price":"2,80 €","pricePerUnit":"(2,80 €/l.)","imgUrl":"https://s0.dia.es/medias/h14/hda/9606344081438.jpg"},{"title":"KNORR crema de verduras mediterránea envase 1 lt","price":"2,79 €","pricePerUnit":"(2,79 €/l.)","imgUrl":"https://s0.dia.es/medias/h87/ha5/9680332980254.jpg"},{"title":"KNORR crema de verduras mediterráneas envase 500 ml","price":"1,65 €","pricePerUnit":"(3,30 €/l.)","imgUrl":"https://s0.dia.es/medias/hce/h2d/9606340640798.jpg"},{"title":"KNORR crema vichyssoiese envase 500 ml","price":"1,69 €","pricePerUnit":"(3,38 €/l.)","imgUrl":"https://s1.dia.es/medias/h90/h94/9606454116382.jpg"},{"title":"KNORR la crema de alicia calabaza zanahoria y guisantes envase 1 lt","price":"3,35 €","pricePerUnit":"(3,35 €/l.)","imgUrl":"https://s3.dia.es/medias/h3d/h17/9680304046110.jpg"},{"title":"KNORR Ligeresa crema de verduras de la huerta envase 500 ml","price":"1,55 €","pricePerUnit":"(3,10 €/l.)","imgUrl":"https://s3.dia.es/medias/h96/hb5/9603949527070.jpg"}]},"cremas-en-sobre":{"categoryUrl":"/compra-online/productos/alimentacion/caldos-sopas-pures-y-gazpacho/cremas-en-sobre/c/WEB.003.016.00114","products":[{"title":"DIA crema de champiñones sobre 68 gr","price":"0,47 €","pricePerUnit":"(6,91 €/Kg.)","imgUrl":"https://s2.dia.es/medias/hd4/h2a/9263097217054.jpg"},{"title":"DIA crema de verduras sobre 78GRS","price":"0,47 €","pricePerUnit":"(6,27 €/Kg.)","imgUrl":"https://s0.dia.es/medias/h8a/h79/9263119171614.jpg"},{"title":"KNORR crema de bogavante gourmet sobre 63 gr","price":"1,69 €","pricePerUnit":"(27,70 €/Kg.)","imgUrl":"https://s0.dia.es/medias/ha4/h8d/9607275872286.jpg"}]},"pure-de-patata":{"categoryUrl":"/compra-online/productos/alimentacion/caldos-sopas-pures-y-gazpacho/pure-de-patata/c/WEB.003.016.00116","products":[{"title":"DIA puré de patatas caja 500 gr","price":"1,17 €","pricePerUnit":"(2,34 €/Kg.)","imgUrl":"https://s0.dia.es/medias/h0a/h76/8822197813278.png"},{"title":"MAGGI puré de patata con leche caja 230 gr","price":"2,06 €","pricePerUnit":"(8,96 €/Kg.)","imgUrl":"https://s3.dia.es/medias/h01/h2b/9646191640606.jpg"},{"title":"MAGGI puré de patata sin leche caja 460G","price":"2,74 €","pricePerUnit":"(5,96 €/Kg.)","imgUrl":"https://s2.dia.es/medias/h72/hce/9646224408606.jpg"},{"title":"MAGGI puré de patata vaso 50G","price":"0,99 €","pricePerUnit":"(19,80 €/Kg.)","imgUrl":"https://s1.dia.es/medias/h96/h56/9640413069342.jpg"}]},"gazpacho-y-salmorejo":{"categoryUrl":"/compra-online/productos/alimentacion/caldos-sopas-pures-y-gazpacho/gazpacho-y-salmorejo/c/WEB.003.016.00117","products":[{"title":"ALVALLE gazpacho botella 750 ml","price":"2,99 €","pricePerUnit":"(3,99 €/l.)","imgUrl":"https://s2.dia.es/medias/h19/h5f/9681379098654.jpg"},{"title":"ALVALLE gazpacho original pack 2 uds 1 lt","price":"6,05 €","pricePerUnit":"(3,03 €/l.)","imgUrl":"https://s0.dia.es/medias/h5f/hd9/9681387749406.jpg"},{"title":"ALVALLE gazpacho original refrigerado envase 1 lt","price":"3,55 €","pricePerUnit":"(3,55 €/l.)","imgUrl":"https://s3.dia.es/medias/hf8/h77/9681350524958.jpg"},{"title":"ALVALLE gazpacho pack 3 unidades 250 ml","price":"3,50 €","pricePerUnit":"(4,67 €/l.)","imgUrl":"https://s1.dia.es/medias/h77/h34/9681389387806.jpg"},{"title":"ALVALLE gazpacho suave refrigerado envase 1 lt","price":"3,25 €","pricePerUnit":"(3,25 €/l.)","imgUrl":"https://s2.dia.es/medias/h60/hea/9681388404766.jpg"},{"title":"ALVALLE gazpacho suave refrigerado pack 2 uds 1 lt","price":"6,10 €","pricePerUnit":"(3,05 €/l.)","imgUrl":"https://s2.dia.es/medias/hc2/hb8/9681385127966.jpg"},{"title":"ALVALLE salmorejo botella 750 ml","price":"2,99 €","pricePerUnit":"(3,99 €/l.)","imgUrl":"https://s0.dia.es/medias/h4b/h93/9681379754014.jpg"},{"title":"ALVALLE salmorejo envase 1 lt","price":"3,69 €","pricePerUnit":"(3,69 €/l.)","imgUrl":"https://s0.dia.es/medias/h32/ha4/9681345937438.jpg"},{"title":"ALVALLE salmorejo tarrina 180 gr","price":"1,25 €","pricePerUnit":"(6,94 €/Kg.)","imgUrl":"https://s1.dia.es/medias/h83/h41/9681344954398.jpg"},{"title":"DIA gazpacho refrigerado envase 1 lt","price":"1,39 €","pricePerUnit":"(1,39 €/l.)","imgUrl":"https://s0.dia.es/medias/hc2/he5/9388788613150.jpg"},{"title":"DIA gazpacho refrigerado pack 3 unidades 330 ml","price":"1,79 €","pricePerUnit":"(1,81 €/l.)","imgUrl":"https://s2.dia.es/medias/hcc/he1/9388747194398.jpg"},{"title":"DIA salmorejo envase 1 lt","price":"1,59 €","pricePerUnit":"(1,59 €/l.)","imgUrl":"https://s2.dia.es/medias/h18/hcb/9388742115358.jpg"},{"title":"MAJAO gazpacho sin pan botella 1 lt","price":"4,03 €","pricePerUnit":"(4,03 €/l.)","imgUrl":"https://s1.dia.es/medias/h82/h99/9397020622878.jpg"},{"title":"MAJAO salmorejo sin pan botella 1 lt","price":"3,95 €","pricePerUnit":"(3 950,00 €/l.)","imgUrl":"https://s3.dia.es/medias/h77/h27/9592259346462.jpg"}]}},"conservas-dulces-y-mermeladas":{"name":"Conservasdulcesymermeladas","productTypes":["frutas-en-almibar-y-en-su-jugo","compotas","mermeladas-y-confituras","membrillo","miel"],"frutas-en-almibar-y-en-su-jugo":{"categoryUrl":"/compra-online/productos/alimentacion/conservas-dulces-y-mermeladas/frutas-en-almibar-y-en-su-jugo/c/WEB.003.017.00119","products":[{"title":"DEL MONTE piña rodaja en su jugo 350 grs","price":"2,40 €","pricePerUnit":"(6,86 €/Kg.)","imgUrl":"https://s3.dia.es/medias/hb6/h44/9263120744478.jpg"},{"title":"DEL MONTE piña rodaja en su jugo 510 gr","price":"2,59 €","pricePerUnit":"(5,08 €/Kg.)","imgUrl":"https://s0.dia.es/medias/h59/h89/9263135883294.jpg"},{"title":"DEL MONTE piña rodaja en su jugo pack 3 420 grs","price":"2,99 €","pricePerUnit":"(7,12 €/Kg.)","imgUrl":"https://s1.dia.es/medias/h1c/h6b/9263164129310.jpg"},{"title":"DIA cerezas en almíbar frasco 160 gr","price":"1,00 €","pricePerUnit":"(11,11 €/Kg.)","imgUrl":"https://s1.dia.es/medias/h54/h78/8984056070174.jpg"},{"title":"DIA melocoton en almibar en mitades lata 480 grs neto escurrido","price":"1,39 €","pricePerUnit":"(2,90 €/Kg.)","imgUrl":"https://s2.dia.es/medias/h96/h70/9667531014174.jpg"},{"title":"DIA melocotón bajo valor energético lata 480 gr","price":"1,96 €","pricePerUnit":"(4,08 €/Kg.)","imgUrl":"https://s2.dia.es/medias/h70/h16/9670961594398.jpg"},{"title":"DIA mitades de melocotón en almíbar pack 3 latas 115 gr","price":"1,69 €","pricePerUnit":"(4,90 €/Kg.)","imgUrl":"https://s2.dia.es/medias/h96/h25/9665596882974.jpg"},{"title":"DIA mix de frutas en almibar ligero lata 480 gr","price":"1,40 €","pricePerUnit":"(2,92 €/Kg.)","imgUrl":"https://s1.dia.es/medias/h40/hb9/9670961922078.jpg"},{"title":"DIAMIR rodajas de piña en su jugo lata 490 gr","price":"1,99 €","pricePerUnit":"(4,06 €/Kg.)","imgUrl":"https://s3.dia.es/medias/h9a/h3e/9557396553758.jpg"},{"title":"MONTEY rodajas de piña en su jugo pack 3 latas 140 gr","price":"2,29 €","pricePerUnit":"(5,45 €/Kg.)","imgUrl":"https://s1.dia.es/medias/hbe/h78/8904777891870.jpg"}]},"compotas":{"categoryUrl":"/compra-online/productos/alimentacion/conservas-dulces-y-mermeladas/compotas/c/WEB.003.017.00118","products":[{"title":"Compota manzana y pera 4 x 100 gr","price":"1,79 €","pricePerUnit":"(4,48 €/Kg.)","imgUrl":"https://s1.dia.es/medias/h6c/h74/8957799989278.png"},{"title":"Compota manzana, plátano y fresa 4 x 100 gr","price":"1,79 €","pricePerUnit":"(4,48 €/Kg.)","imgUrl":"https://s3.dia.es/medias/ha4/hc8/9550083620894.jpg"}]},"mermeladas-y-confituras":{"categoryUrl":"/compra-online/productos/alimentacion/conservas-dulces-y-mermeladas/mermeladas-y-confituras/c/WEB.003.017.00122","products":[{"title":"CASINO BIO mermelada de naranja frasco 360 gr","price":"1,99 €","pricePerUnit":"(5,53 €/Kg.)","imgUrl":"https://s2.dia.es/medias/hed/h62/9328767205406.jpg"},{"title":"DIA DELICIOUS mermelada de ciruela y kiwi extra 60% fruta frasco 320 gr","price":"1,46 €","pricePerUnit":"(4,56 €/Kg.)","imgUrl":"https://s1.dia.es/medias/h44/h3c/8860443475998.png"},{"title":"DIA DELICIOUS mermelada de frutas silvestres frasco 320 gr","price":"1,52 €","pricePerUnit":"(4,75 €/Kg.)","imgUrl":"https://s3.dia.es/medias/h92/h14/8883727433758.png"},{"title":"DIA DELICIOUS mermelada de higo extra 60% fruta frasco 320 gr","price":"1,46 €","pricePerUnit":"(4,56 €/Kg.)","imgUrl":"https://s3.dia.es/medias/h76/h1d/8860442951710.png"},{"title":"DIA DELICIOUS mermelada de naranja amarga frasco 320 gr","price":"0,99 €","pricePerUnit":"(3,19 €/Kg.)","imgUrl":"https://s0.dia.es/medias/hbd/h48/8883866370078.png"},{"title":"DIA DELICIOUS mermelada extra de arándanos frasco 320 gr","price":"1,52 €","pricePerUnit":"(4,75 €/Kg.)","imgUrl":"https://s0.dia.es/medias/h08/hea/8883742965790.png"},{"title":"DIA DELICIOUS mermelada extra de frambuesa frasco 320 gr","price":"1,52 €","pricePerUnit":"(4,75 €/Kg.)","imgUrl":"https://s0.dia.es/medias/hed/h48/8883779665950.png"},{"title":"DIA DELICIOUS mermelada extra de frutas del bosque frasco 320 gr","price":"1,46 €","pricePerUnit":"(4,56 €/Kg.)","imgUrl":"https://s2.dia.es/medias/h87/h0f/8883710066718.png"},{"title":"DIA DELICIOUS mermelada extra de tomate frasco 320 gr","price":"1,31 €","pricePerUnit":"(4,09 €/Kg.)","imgUrl":"https://s1.dia.es/medias/ha7/h0c/8883897303070.png"},{"title":"DIA mermelada extra de albaricoque frasco 390 grs","price":"0,93 €","pricePerUnit":"(2,38 €/Kg.)","imgUrl":"https://s0.dia.es/medias/h03/h4d/8823684136990.png"},{"title":"DIA mermelada extra de ciruela frasco 390 grs","price":"0,93 €","pricePerUnit":"(2,38 €/Kg.)","imgUrl":"https://s3.dia.es/medias/hc4/h84/8823850860574.png"},{"title":"DIA mermelada extra fresa frasco 390 gr","price":"0,93 €","pricePerUnit":"(2,38 €/Kg.)","imgUrl":"https://s2.dia.es/medias/hd8/h70/8823820976158.png"},{"title":"DIA mermelada extra fresa frasco 650 gr","price":"1,61 €","pricePerUnit":"(2,48 €/Kg.)","imgUrl":"https://s0.dia.es/medias/h44/hc3/8822347235358.png"},{"title":"DIA mermelada extra melocoton frasco 390 grs","price":"0,93 €","pricePerUnit":"(2,38 €/Kg.)","imgUrl":"https://s1.dia.es/medias/h26/h70/8823770120222.png"},{"title":"DIA mermelada extra melocotón frasco 640 gr","price":"1,61 €","pricePerUnit":"(2,48 €/Kg.)","imgUrl":"https://s0.dia.es/medias/h50/h7b/8822345138206.png"},{"title":"DIA VITAL mermelada extra fresa diet frasco 330 gr","price":"1,23 €","pricePerUnit":"(3,73 €/Kg.)","imgUrl":"https://s3.dia.es/medias/h9f/h5f/8984108072990.jpg"},{"title":"DIA VITAL mermelada extra melocotón diet frasco 330 gr","price":"1,23 €","pricePerUnit":"(3,73 €/Kg.)","imgUrl":"https://s3.dia.es/medias/h6e/hf1/8984107745310.jpg"},{"title":"HELIOS mermelada de fresa pack 8 estuche 200 grs","price":"1,05 €","pricePerUnit":"(5,25 €/Kg.)","imgUrl":"https://s0.dia.es/medias/h13/h05/9662534156318.jpg"},{"title":"HERO Diet mermelada de ciruela frasco 280 gr","price":"1,69 €","pricePerUnit":"(6,04 €/Kg.)","imgUrl":"https://s2.dia.es/medias/hb1/hbf/9673741533214.jpg"},{"title":"HERO Diet mermelada de fresas frasco 280 gr","price":"1,69 €","pricePerUnit":"(6,04 €/Kg.)","imgUrl":"https://s3.dia.es/medias/h9b/hbc/9673743237150.jpg"},{"title":"HERO Diet mermelada de melocotón frasco 280 gr","price":"1,69 €","pricePerUnit":"(6,04 €/Kg.)","imgUrl":"https://s1.dia.es/medias/h0f/h70/9328743940126.jpg"},{"title":"HERO mermelada de fresas frasco 345 gr","price":"1,59 €","pricePerUnit":"(4,61 €/Kg.)","imgUrl":"https://s2.dia.es/medias/h1a/hc1/9673742581790.jpg"},{"title":"HERO mermelada de melocotón frasco 345 gr","price":"1,59 €","pricePerUnit":"(4,61 €/Kg.)","imgUrl":"https://s3.dia.es/medias/he7/h82/9328745906206.jpg"},{"title":"HERO mermelada melocotón de temporada frasco 350 g","price":"1,79 €","pricePerUnit":"(5,11 €/Kg.)","imgUrl":"https://s1.dia.es/medias/h3f/h36/9673830006814.jpg"},{"title":"HERO mermelada temporada fresa Hero fraco 350 g","price":"1,79 €","pricePerUnit":"(5,11 €/Kg.)","imgUrl":"https://s3.dia.es/medias/h1a/h23/9673840820254.jpg"},{"title":"HERO mermelada temporada higos frasco 350 gr","price":"1,85 €","pricePerUnit":"(5,29 €/Kg.)","imgUrl":"https://s1.dia.es/medias/h4f/h6f/9673834266654.jpg"},{"title":"LA VIEJA FABRICA Diet mermelada de ciruela frasco 280 gr","price":"1,85 €","pricePerUnit":"(6,61 €/Kg.)","imgUrl":"https://s1.dia.es/medias/h15/hfe/9391565439006.jpg"},{"title":"LA VIEJA FABRICA Diet mermelada de fresas frasco 280 gr","price":"1,79 €","pricePerUnit":"(6,39 €/Kg.)","imgUrl":"https://s3.dia.es/medias/h49/h30/9589159395358.jpg"},{"title":"LA VIEJA FABRICA Diet mermelada extra de naranja amarga frasco 300 gr","price":"1,84 €","pricePerUnit":"(6,13 €/Kg.)","imgUrl":"https://s3.dia.es/medias/hc3/ha2/9391555280926.jpg"},{"title":"LA VIEJA FABRICA mermelada de arándanos frasco 285 gr","price":"1,95 €","pricePerUnit":"(6,84 €/Kg.)","imgUrl":"https://s2.dia.es/medias/h78/hb8/8894302421022.png"},{"title":"LA VIEJA FABRICA mermelada de frambuesa frasco 350 gr","price":"1,75 €","pricePerUnit":"(5,00 €/Kg.)","imgUrl":"https://s2.dia.es/medias/h64/hf1/9082949632030.jpg"},{"title":"LA VIEJA FABRICA mermelada de melocoton frasco 350 gr","price":"1,75 €","pricePerUnit":"(5,00 €/Kg.)","imgUrl":"https://s2.dia.es/medias/hd7/h48/8909222379550.jpg"},{"title":"LA VIEJA FABRICA mermelada de naranja amarga frasco 350 gr","price":"1,75 €","pricePerUnit":"(5,00 €/Kg.)","imgUrl":"https://s3.dia.es/medias/h2f/h96/8909220806686.jpg"},{"title":"PAZO DE VILANE mermelada extra de arándanos tarro 270 gr","price":"4,59 €","pricePerUnit":"(17,00 €/Kg.)","imgUrl":"https://s0.dia.es/medias/h31/h8a/9362016370718.jpg"},{"title":"PAZO DE VILANE mermelada extra de frambuesas tarro 300 gr","price":"3,59 €","pricePerUnit":"(11,97 €/Kg.)","imgUrl":"https://s0.dia.es/medias/h0d/h96/9362024890398.jpg"}]},"membrillo":{"categoryUrl":"/compra-online/productos/alimentacion/conservas-dulces-y-mermeladas/membrillo/c/WEB.003.017.00120","products":[{"title":"DIA dulce de membrillo estuche 400 g","price":"1,07 €","pricePerUnit":"(2,68 €/Kg.)","imgUrl":"https://s1.dia.es/medias/hde/h9f/8833912602654.png"},{"title":"EL QUIJOTE carne de mebrillo tarrina 250 gr","price":"2,83 €","pricePerUnit":"(11,32 €/Kg.)","imgUrl":"https://s0.dia.es/medias/h19/h0a/9536249495582.jpg"}]},"miel":{"categoryUrl":"/compra-online/productos/alimentacion/conservas-dulces-y-mermeladas/miel/c/WEB.003.017.00123","products":[{"title":"DIA DELICIOUS miel de azahar frasco 350 gr","price":"2,99 €","pricePerUnit":"(8,54 €/Kg.)","imgUrl":"https://s3.dia.es/medias/h84/he3/8969260138526.jpg"},{"title":"DIA DELICIOUS miel de eucalipto frasco 350 gr","price":"2,76 €","pricePerUnit":"(7,89 €/Kg.)","imgUrl":"https://s1.dia.es/medias/h5d/hbc/8969108881438.jpg"},{"title":"DIA DELICIOUS miel de romero frasco 350 gr","price":"3,26 €","pricePerUnit":"(9,31 €/Kg.)","imgUrl":"https://s1.dia.es/medias/hbf/h08/8969193095198.jpg"},{"title":"DIA miel de flores antigoteo bote 500 gr","price":"3,19 €","pricePerUnit":"(6,38 €/Kg.)","imgUrl":"https://s2.dia.es/medias/h18/h2c/9569498726430.jpg"},{"title":"DIA miel de flores frasco 1 Kg","price":"4,10 €","pricePerUnit":"(4,10 €/Kg.)","imgUrl":"https://s2.dia.es/medias/h0e/h82/9569492107294.jpg"},{"title":"DIA VITAL miel de flores con jalea real frasco 250 gr","price":"4,99 €","pricePerUnit":"(19,96 €/Kg.)","imgUrl":"https://s2.dia.es/medias/h1f/ha9/8969250242590.jpg"},{"title":"DIA VITAL miel de flores con propóleo frasco 250 gr","price":"4,69 €","pricePerUnit":"(18,76 €/Kg.)","imgUrl":"https://s0.dia.es/medias/h5b/h41/8969173303326.jpg"},{"title":"DIA VITAL polen de flores frasco 200 gr","price":"4,99 €","pricePerUnit":"(24,95 €/Kg.)","imgUrl":"https://s3.dia.es/medias/h0f/hb9/8969184509982.jpg"},{"title":"GRANJA SAN FRANCISCO miel antigoteo envase 350 grs","price":"3,99 €","pricePerUnit":"(11,40 €/Kg.)","imgUrl":"https://s1.dia.es/medias/h92/hc1/9667554115614.jpg"},{"title":"HELIOS miel pura de flores frasco 750 gr","price":"5,65 €","pricePerUnit":"(7,53 €/Kg.)","imgUrl":"https://s1.dia.es/medias/h0a/h53/9662479302686.jpg"},{"title":"LUNA DE MIEL miel con jalea real bote 250 gr","price":"5,49 €","pricePerUnit":"(21,96 €/Kg.)","imgUrl":"https://s1.dia.es/medias/h5c/h51/8905248112670.jpg"},{"title":"LUNA DE MIEL miel con propolis verde bote 250 gr","price":"4,59 €","pricePerUnit":"(18,36 €/Kg.)","imgUrl":"https://s0.dia.es/medias/h39/h22/8904700297246.jpg"},{"title":"LUNA DE MIEL miel de flores bote 250 gr","price":"3,49 €","pricePerUnit":"(13,96 €/Kg.)","imgUrl":"https://s3.dia.es/medias/h24/h81/8904064565278.jpg"},{"title":"LUNA DE MIEL polen en grano frasco 125 gr","price":"3,05 €","pricePerUnit":"(24,40 €/Kg.)","imgUrl":"https://s0.dia.es/medias/hf8/h89/8906757079070.jpg"},{"title":"MAPLE JOE jarabe de arce bote 150 gr","price":"3,99 €","pricePerUnit":"(26,60 €/Kg.)","imgUrl":"https://s3.dia.es/medias/h4b/hdf/8904602779678.jpg"}]}},"conservas-pescado":{"name":"Conservaspescado","productTypes":["almejas","anchoas","atun-bonito-y-ventresca","berberechos","caballa","calamares-chipirones-y-pulpo","caviar-y-sucedaneos","mejillones","sardinas-y-sardinillas","otras-conservas"],"almejas":{"categoryUrl":"/compra-online/productos/alimentacion/conservas-pescado/almejas/c/WEB.003.018.00124","products":[{"title":"BAYMAR almejas al natural lata 63 gr","price":"2,25 €","pricePerUnit":"(35,71 €/Kg.)","imgUrl":"https://s0.dia.es/medias/h4e/h85/8993974026270.jpg"},{"title":"DANI almejas natural lata 63 gr","price":"1,95 €","pricePerUnit":"(30,95 €/Kg.)","imgUrl":"https://s2.dia.es/medias/h49/ha2/9484654673950.jpg"},{"title":"ORBE almejas al natural lata 63 gr","price":"1,40 €","pricePerUnit":"(22,22 €/Kg.)","imgUrl":"https://s3.dia.es/medias/h90/h3f/9563676704798.jpg"}]},"anchoas":{"categoryUrl":"/compra-online/productos/alimentacion/conservas-pescado/anchoas/c/WEB.003.018.00125","products":[{"title":"CONSORCIO filetes de anchoa en aceite de oliva lata 29g neto escurrido","price":"2,45 €","pricePerUnit":"(84,48 €/Kg.)","imgUrl":"https://s0.dia.es/medias/h04/h6f/9552703651870.jpg"},{"title":"DIA DELICIOUS filetes de anchoa del cantábrico en aceite de oliva lata 55 gr","price":"3,99 €","pricePerUnit":"(72,55 €/Kg.)","imgUrl":"https://s0.dia.es/medias/hed/hb3/8825443254302.png"},{"title":"FINISTER filetes de anchoa en aceite de girasol lata 29 gr","price":"0,99 €","pricePerUnit":"(34,14 €/Kg.)","imgUrl":"https://s3.dia.es/medias/h6f/h55/8823146184734.png"},{"title":"LOREA Gourmet anchoa del cantábrico en aceite de oliva lata 80 gr","price":"4,99 €","pricePerUnit":"(62,38 €/Kg.)","imgUrl":"https://s2.dia.es/medias/h78/h82/9675425775646.jpg"}]},"atun-bonito-y-ventresca":{"categoryUrl":"/compra-online/productos/alimentacion/conservas-pescado/atun-bonito-y-ventresca/c/WEB.003.018.00126","products":[{"title":"ALBO atún claro en aceite de oliva lata 67 gr","price":"1,59 €","pricePerUnit":"(23,73 €/Kg.)","imgUrl":"https://s3.dia.es/medias/h15/hab/8958474977310.png"},{"title":"ALBO atún claro en aceite de oliva lata 82 gr","price":"2,65 €","pricePerUnit":"(32,32 €/Kg.)","imgUrl":"https://s2.dia.es/medias/hf8/hd8/8833701707806.png"},{"title":"ALBO atún claro en aceite de oliva pack 3 latas 67 gr","price":"5,90 €","pricePerUnit":"(29,35 €/Kg.)","imgUrl":"https://s3.dia.es/medias/h01/h22/8879530835998.png"},{"title":"ALBO atún claro en aceite de oliva pack de 3 latas 48 gr","price":"4,25 €","pricePerUnit":"(22,14 €/Kg.)","imgUrl":"https://s2.dia.es/medias/h0b/h78/8835085041694.png"},{"title":"ALBO atún claro en aceite de oliva pack de 6 latas 48 gr","price":"7,59 €","pricePerUnit":"(26,35 €/Kg.)","imgUrl":"https://s0.dia.es/medias/h97/h95/8866618441758.png"},{"title":"ALBO atún claro en aceite de oliva virgen extra bajo en sal pack 3 latas 67 gr","price":"5,90 €","pricePerUnit":"(29,35 €/Kg.)","imgUrl":"https://s0.dia.es/medias/haa/h4d/8962684551198.jpg"},{"title":"ALBO atún claro en aceite de oliva virgen extra lata 82 gr","price":"2,35 €","pricePerUnit":"(28,66 €/Kg.)","imgUrl":"https://s1.dia.es/medias/he6/h08/8958704287774.png"},{"title":"ALBO atún claro en aceite de oliva virgen extra pack de 3 latas 48 gr","price":"4,25 €","pricePerUnit":"(29,51 €/Kg.)","imgUrl":"https://s0.dia.es/medias/he6/hf7/8834881421342.png"},{"title":"ALBO atún claro en salsa picantona lata 82 gr","price":"2,39 €","pricePerUnit":"(29,15 €/Kg.)","imgUrl":"https://s3.dia.es/medias/h0b/hac/8958773329950.jpg"},{"title":"ALBO bonito del norte en aceite de oliva bajo en sal lata 82 gr","price":"2,90 €","pricePerUnit":"(35,37 €/Kg.)","imgUrl":"https://s0.dia.es/medias/hde/h00/8958522753054.jpg"},{"title":"ALBO bonito del norte en aceite de oliva lata 67 gr","price":"2,05 €","pricePerUnit":"(30,60 €/Kg.)","imgUrl":"https://s0.dia.es/medias/hf4/h76/8962759655454.jpg"},{"title":"ALBO bonito del norte en aceite de oliva lata 82 gr","price":"2,98 €","pricePerUnit":"(36,34 €/Kg.)","imgUrl":"https://s1.dia.es/medias/hb3/h8f/8834422472734.png"},{"title":"ALBO bonito del norte en escabeche lata 82 gr","price":"2,90 €","pricePerUnit":"(35,37 €/Kg.)","imgUrl":"https://s3.dia.es/medias/h2b/h1a/8958743674910.jpg"},{"title":"CALVO atun claro al natural bajo en sal pack 3 latas 168 gr","price":"3,23 €","pricePerUnit":"(19,23 €/Kg.)","imgUrl":"https://s1.dia.es/medias/h76/h0e/9342346625054.jpg"},{"title":"CALVO atun claro al natural pack de 3 latas x 168 gr","price":"2,75 €","pricePerUnit":"(16,37 €/Kg.)","imgUrl":"https://s0.dia.es/medias/he8/h13/9342347280414.jpg"},{"title":"CALVO atun claro en aceite de oliva carbonell pack de 3 latas de 73 grs","price":"5,15 €","pricePerUnit":"(23,52 €/Kg.)","imgUrl":"https://s2.dia.es/medias/h3c/h91/9365163474974.jpg"},{"title":"CALVO atun claro en aceite de oliva pack de 3 latas x 52 grs","price":"3,85 €","pricePerUnit":"(24,68 €/Kg.)","imgUrl":"https://s2.dia.es/medias/ha2/h77/9342426054686.jpg"},{"title":"CALVO atun en aceite de oliva bajo en sal pack de 3 latas x 52 grs","price":"3,85 €","pricePerUnit":"(24,68 €/Kg.)","imgUrl":"https://s2.dia.es/medias/h2c/h1a/9342425727006.jpg"},{"title":"CALVO atún al natural lata 112 gr","price":"1,59 €","pricePerUnit":"(14,20 €/Kg.)","imgUrl":"https://s1.dia.es/medias/he8/h6d/8958669815838.png"},{"title":"CALVO atún claro en aceite de girasol lata 403 gr","price":"5,70 €","pricePerUnit":"(14,14 €/Kg.)","imgUrl":"https://s3.dia.es/medias/h53/h45/9342453252126.jpg"},{"title":"CALVO atún claro en aceite de girasol pack 3 latas 52 gr","price":"2,75 €","pricePerUnit":"(17,63 €/Kg.)","imgUrl":"https://s1.dia.es/medias/h60/hb5/9342420746270.jpg"},{"title":"CALVO atún claro en aceite de girasol pack 6 latas 52 gr","price":"5,15 €","pricePerUnit":"(16,51 €/Kg.)","imgUrl":"https://s0.dia.es/medias/h59/h94/9342346297374.jpg"},{"title":"CALVO atún claro en aceite de oliva pack 3 latas 156 gr","price":"3,25 €","pricePerUnit":"(20,83 €/Kg.)","imgUrl":"https://s0.dia.es/medias/h05/h7e/9342422450206.jpg"},{"title":"CALVO atún claro en aceite oliva virgen extra pack 3 latas x 52 gr","price":"3,60 €","pricePerUnit":"(15,00 €/Kg.)","imgUrl":"https://s2.dia.es/medias/h30/hb9/9342406197278.jpg"},{"title":"CALVO atún claro en escabeche pack 3 latas 56 gr","price":"2,75 €","pricePerUnit":"(16,37 €/Kg.)","imgUrl":"https://s1.dia.es/medias/h70/h87/9342397939742.jpg"},{"title":"CALVO atún en aceite vegetal lata 104 gr","price":"1,64 €","pricePerUnit":"(15,77 €/Kg.)","imgUrl":"https://s3.dia.es/medias/h04/h05/9342374936606.jpg"},{"title":"CALVO atún en salsa de tomate pack 3 latas 52 gr","price":"2,59 €","pricePerUnit":"(16,60 €/Kg.)","imgUrl":"https://s1.dia.es/medias/h2e/hc6/9662459314206.jpg"},{"title":"CALVO Ligero atún claro en aceite de girasol pack 3 latas 56 gr","price":"2,75 €","pricePerUnit":"(16,37 €/Kg.)","imgUrl":"https://s2.dia.es/medias/h23/h1c/9342337712158.jpg"},{"title":"CALVO Ligero atún claro en aceite de oliva pack 3 latas 56 gr","price":"3,60 €","pricePerUnit":"(21,43 €/Kg.)","imgUrl":"https://s2.dia.es/medias/h44/h62/9342400954398.jpg"},{"title":"CAMPOS atun claro al natural lata 112 gr","price":"1,69 €","pricePerUnit":"(15,09 €/Kg.)","imgUrl":"https://s3.dia.es/medias/h25/h16/9600466124830.jpg"},{"title":"CAMPOS atun claro en aceite vegetal lata 104 gr","price":"1,65 €","pricePerUnit":"(15,87 €/Kg.)","imgUrl":"https://s2.dia.es/medias/h43/h45/9598224138270.jpg"},{"title":"CAMPOS atún claro en aceite de oliva lata 104 gr","price":"1,85 €","pricePerUnit":"(17,79 €/Kg.)","imgUrl":"https://s0.dia.es/medias/h45/h69/9662449418270.jpg"},{"title":"CAMPOS atún claro en escabeche lata 190 gr","price":"3,95 €","pricePerUnit":"(20,79 €/Kg.)","imgUrl":"https://s3.dia.es/medias/h0f/hae/9600388431902.jpg"},{"title":"CAPOS atún claro en escabeche lata 104 gr","price":"1,69 €","pricePerUnit":"(16,25 €/Kg.)","imgUrl":"https://s2.dia.es/medias/h87/hc6/8958484021278.png"},{"title":"CONSORCIO atún claro en aceite de oliva frasco 135 gr","price":"3,99 €","pricePerUnit":"(29,56 €/Kg.)","imgUrl":"https://s3.dia.es/medias/h6a/he8/9207134650398.jpg"},{"title":"CONSORCIO bonito del norte en aceite de oliva frasco 260 gr","price":"5,75 €","pricePerUnit":"(22,12 €/Kg.)","imgUrl":"https://s3.dia.es/medias/h28/hdc/8962765684766.jpg"},{"title":"CONSORCIO bonito del norte en aceite de oliva lata 82 gr","price":"2,45 €","pricePerUnit":"(29,88 €/Kg.)","imgUrl":"https://s2.dia.es/medias/h78/h7b/9552681992222.jpg"},{"title":"CONSORCIO bonito del norte en escabeche lata 80 gr","price":"2,45 €","pricePerUnit":"(30,63 €/Kg.)","imgUrl":"https://s2.dia.es/medias/h40/hb5/9552651780126.jpg"},{"title":"CUCA atún claro en aceite de oliva pack 3 latas 48 gr","price":"3,35 €","pricePerUnit":"(23,26 €/Kg.)","imgUrl":"https://s0.dia.es/medias/hdd/h29/9662404788254.jpg"},{"title":"DIA atun claro en aceite de girasol pack de 3 latas x 52 grs","price":"1,69 €","pricePerUnit":"(10,83 €/Kg.)","imgUrl":"https://s0.dia.es/medias/h40/h4f/8974094368798.jpg"},{"title":"DIA atún claro al natural pack de 3 latas 56 gr","price":"1,69 €","pricePerUnit":"(10,06 €/Kg.)","imgUrl":"https://s2.dia.es/medias/h77/ha9/8974136999966.jpg"},{"title":"DIA atún claro al natural pack de 6 latas 56 gr","price":"2,99 €","pricePerUnit":"(8,90 €/Kg.)","imgUrl":"https://s0.dia.es/medias/h87/h4a/8974107344926.jpg"},{"title":"DIA atún claro en aceite de girasol  pack de 6 latas 52 gr","price":"2,99 €","pricePerUnit":"(9,58 €/Kg.)","imgUrl":"https://s1.dia.es/medias/h88/h4f/8974066253854.jpg"},{"title":"DIA atún claro en aceite de girasol pack 2 latas 104 gr","price":"2,05 €","pricePerUnit":"(9,86 €/Kg.)","imgUrl":"https://s3.dia.es/medias/hd3/hf9/8974087880734.jpg"},{"title":"DIA atún claro en aceite de oliva pack 3 latas 52 gr","price":"2,09 €","pricePerUnit":"(13,40 €/Kg.)","imgUrl":"https://s2.dia.es/medias/h35/he9/8974123991070.jpg"},{"title":"DIA atún claro en aceite de oliva pack 6 latas 52 gr","price":"3,45 €","pricePerUnit":"(11,06 €/Kg.)","imgUrl":"https://s1.dia.es/medias/h86/h86/8974124974110.jpg"},{"title":"DIA atún claro en escabeche pack 2 latas 104 gr","price":"2,05 €","pricePerUnit":"(9,86 €/Kg.)","imgUrl":"https://s2.dia.es/medias/h5d/hb7/8977019633694.jpg"},{"title":"DIA atún claro en escabeche pack de 3 latas 52 gr","price":"1,69 €","pricePerUnit":"(10,83 €/Kg.)","imgUrl":"https://s3.dia.es/medias/hfd/h21/9683301924894.jpg"},{"title":"DIA atún claro en escabeche pack de 6 latas 52 gr","price":"3,30 €","pricePerUnit":"(10,58 €/Kg.)","imgUrl":"https://s2.dia.es/medias/hb7/h87/9683300286494.jpg"},{"title":"DIA atún en aceite de girasol lata 650 gr","price":"5,35 €","pricePerUnit":"(8,23 €/Kg.)","imgUrl":"https://s0.dia.es/medias/h51/hb0/9656233885726.jpg"},{"title":"DIA atún en aceite de girasol pack de 3 latas 52 gr","price":"1,62 €","pricePerUnit":"(10,38 €/Kg.)","imgUrl":"https://s0.dia.es/medias/h2e/he2/9683305529374.jpg"},{"title":"DIA atún en aceite de girasol pack de 6 latas 52 gr","price":"2,99 €","pricePerUnit":"(9,58 €/Kg.)","imgUrl":"https://s2.dia.es/medias/h57/hcc/9683300941854.jpg"},{"title":"DIA bonito del norte en aceite de oliva lata 73 gr","price":"1,17 €","pricePerUnit":"(16,03 €/Kg.)","imgUrl":"https://s3.dia.es/medias/h30/he4/9569484242974.jpg"},{"title":"DIA bonito del norte en escabeche lata 104 gr","price":"1,60 €","pricePerUnit":"(15,38 €/Kg.)","imgUrl":"https://s2.dia.es/medias/h03/h28/8977034051614.jpg"},{"title":"DIA DELICIOUS bonito del norte en aceite de oliva frasco 260 gr","price":"5,20 €","pricePerUnit":"(20,00 €/Kg.)","imgUrl":"https://s3.dia.es/medias/h25/hd4/8980738670622.jpg"},{"title":"DIA VITAL atún claro en aceite de oliva bajo en sal pack 3 latas 52 gr","price":"2,19 €","pricePerUnit":"(14,04 €/Kg.)","imgUrl":"https://s1.dia.es/medias/hfd/h60/9025504346142.jpg"},{"title":"ISABEL atun claro en aceite de oliva pack de 6 latas x 52 grs","price":"5,65 €","pricePerUnit":"(18,11 €/Kg.)","imgUrl":"https://s1.dia.es/medias/h76/had/9662480613406.jpg"},{"title":"ISABEL atun en aceite vegetal pack de 3 latas x 52 grs","price":"2,19 €","pricePerUnit":"(14,04 €/Kg.)","imgUrl":"https://s1.dia.es/medias/h14/hb3/9662458003486.jpg"},{"title":"ISABEL atún claro al natural pack 3 latas 156 gr","price":"2,79 €","pricePerUnit":"(17,88 €/Kg.)","imgUrl":"https://s3.dia.es/medias/h8d/h5f/9662466523166.jpg"},{"title":"ISABEL atún claro en aceite de girasol pack 3 latas 156 gr","price":"2,71 €","pricePerUnit":"(17,37 €/Kg.)","imgUrl":"https://s0.dia.es/medias/hb0/h89/9662447452190.jpg"},{"title":"ISABEL atún claro en aceite de oliva ligero pack 4 latas 60 gr","price":"4,49 €","pricePerUnit":"(18,71 €/Kg.)","imgUrl":"https://s3.dia.es/medias/he7/hea/9662512857118.jpg"},{"title":"ISABEL atún claro natural pack 4 latas 56 gr","price":"4,49 €","pricePerUnit":"(20,04 €/Kg.)","imgUrl":"https://s1.dia.es/medias/he3/h4d/9662530879518.jpg"},{"title":"ISABEL atún en aceite vegetal lata 650 g","price":"7,70 €","pricePerUnit":"(11,85 €/Kg.)","imgUrl":"https://s3.dia.es/medias/hd0/h0b/9662415994910.jpg"},{"title":"ISABEL lomos de atún al grill con pimientos lata 120 gr","price":"3,25 €","pricePerUnit":"(27,08 €/Kg.)","imgUrl":"https://s2.dia.es/medias/hc8/h04/9662465212446.jpg"},{"title":"ISABEL lomos de atún al grill en aceite de oliva lata 120 gr","price":"3,25 €","pricePerUnit":"(27,08 €/Kg.)","imgUrl":"https://s1.dia.es/medias/h02/hb0/9662503223326.jpg"},{"title":"LA NUTRIA bonito en aceite vegetal lata 190 gr","price":"3,87 €","pricePerUnit":"(20,37 €/Kg.)","imgUrl":"https://s0.dia.es/medias/h6c/ha0/9034758979614.jpg"},{"title":"MONTEY atún en aceite vegetal lata 141 gr","price":"1,69 €","pricePerUnit":"(11,99 €/Kg.)","imgUrl":"https://s1.dia.es/medias/he1/h33/8955050623006.png"},{"title":"MONTEY atún en aceite vegetal lata 72 gr","price":"0,75 €","pricePerUnit":"(10,42 €/Kg.)","imgUrl":"https://s3.dia.es/medias/h50/h9d/8954938228766.png"},{"title":"MONTEY bonito del norte en aceite de oliva lata 72 gr","price":"1,69 €","pricePerUnit":"(23,47 €/Kg.)","imgUrl":"https://s0.dia.es/medias/hab/h8f/8954981482526.png"},{"title":"RAZO atún en aceite de girasol lata 104 gr","price":"1,00 €","pricePerUnit":"(9,62 €/Kg.)","imgUrl":"https://s3.dia.es/medias/hfc/he3/8956578693150.png"},{"title":"RAZO atún en aceite vegetal pack 3 latas 156 gr","price":"1,58 €","pricePerUnit":"(10,13 €/Kg.)","imgUrl":"https://s1.dia.es/medias/hd7/haf/8906865868830.jpg"},{"title":"RIBEIRA atún en aceite de girasol lata 260 gr","price":"3,59 €","pricePerUnit":"(13,81 €/Kg.)","imgUrl":"https://s3.dia.es/medias/h1d/h09/8962634285086.jpg"},{"title":"RIBEIRA atún en aceite de oliva pack 3 latas 52 gr","price":"2,59 €","pricePerUnit":"(16,60 €/Kg.)","imgUrl":"https://s0.dia.es/medias/h95/h3e/9307390312478.jpg"},{"title":"RIBEIRA bonito del norte en escabeche lata 150 gr","price":"2,90 €","pricePerUnit":"(19,33 €/Kg.)","imgUrl":"https://s1.dia.es/medias/h68/hdf/9654384164894.jpg"},{"title":"RIBEIRA bonito en aceite de oliva lata 150 gr","price":"2,90 €","pricePerUnit":"(19,33 €/Kg.)","imgUrl":"https://s0.dia.es/medias/h15/h15/9654382854174.jpg"},{"title":"VIAMARIS ventresca de atun claro en aceite de oliva lata 78 gr","price":"2,89 €","pricePerUnit":"(37,05 €/Kg.)","imgUrl":"https://s0.dia.es/medias/h07/hc0/8956532031518.png"}]},"berberechos":{"categoryUrl":"/compra-online/productos/alimentacion/conservas-pescado/berberechos/c/WEB.003.018.00127","products":[{"title":"BAYMAR berberechos al natural medianos lata 58 gr","price":"2,99 €","pricePerUnit":"(51,55 €/Kg.)","imgUrl":"https://s2.dia.es/medias/h3e/hb8/8946083004446.png"},{"title":"DANI berberechos al natural 40/50 piezas lata 63 grs","price":"3,68 €","pricePerUnit":"(58,41 €/Kg.)","imgUrl":"https://s2.dia.es/medias/h14/hbd/9240298553374.jpg"},{"title":"DANI berberechos al natural 55/65 piezas lata 58 grs","price":"2,85 €","pricePerUnit":"(49,14 €/Kg.)","imgUrl":"https://s0.dia.es/medias/hcd/hb5/9240179867678.jpg"},{"title":"DANI berberechos al natural 65-up lata 63 grs","price":"2,30 €","pricePerUnit":"(36,51 €/Kg.)","imgUrl":"https://s3.dia.es/medias/hd3/h20/9240132288542.jpg"},{"title":"DANI berberechos al natural tamaño pequeño lata 90 grs","price":"3,16 €","pricePerUnit":"(35,11 €/Kg.)","imgUrl":"https://s3.dia.es/medias/h13/hac/9240297898014.jpg"},{"title":"DIA berberechos al natural 70/100 piezas lata 63 gr","price":"2,25 €","pricePerUnit":"(35,71 €/Kg.)","imgUrl":"https://s3.dia.es/medias/hbd/hd8/8823011377182.png"},{"title":"MONTEY berberechos al natural lata 90 gr","price":"2,30 €","pricePerUnit":"(25,56 €/Kg.)","imgUrl":"https://s0.dia.es/medias/h79/h5a/8955012612126.png"},{"title":"MONTEY berberechos al natural pequeños lata 63 gr","price":"2,19 €","pricePerUnit":"(34,76 €/Kg.)","imgUrl":"https://s0.dia.es/medias/h36/h82/8879289434142.png"}]},"caballa":{"categoryUrl":"/compra-online/productos/alimentacion/conservas-pescado/caballa/c/WEB.003.018.00130","products":[{"title":"ALBO filetes de caballa del sur en aceite de oliva lata 85 gr","price":"2,47 €","pricePerUnit":"(29,06 €/Kg.)","imgUrl":"https://s3.dia.es/medias/hf3/hcb/8962687238174.jpg"},{"title":"DIA filetes de caballa del sur en aceite de oliva lata 63 gr","price":"0,85 €","pricePerUnit":"(13,49 €/Kg.)","imgUrl":"https://s1.dia.es/medias/hb5/he9/8822515007518.png"},{"title":"DIA filetes de caballa del sur en aceite girasol lata 69 gr","price":"0,87 €","pricePerUnit":"(14,03 €/Kg.)","imgUrl":"https://s3.dia.es/medias/h48/hf8/9628190605342.jpg"},{"title":"DIA filetes de caballa en aceite de girasol pack 2 latas 126 gr","price":"1,31 €","pricePerUnit":"(10,40 €/Kg.)","imgUrl":"https://s0.dia.es/medias/he3/hc4/8823770644510.png"},{"title":"ISABEL filetes de caballa en aceite de oliva virgen al grill lata 120 gr","price":"2,59 €","pricePerUnit":"(21,58 €/Kg.)","imgUrl":"https://s2.dia.es/medias/h6f/h56/9662502567966.jpg"},{"title":"MONTEY filetes de caballa del sur en aceite vegetal lata 82 gr","price":"1,30 €","pricePerUnit":"(15,85 €/Kg.)","imgUrl":"https://s2.dia.es/medias/h87/h63/8879373320222.png"},{"title":"UBAGO caballa del sur en aceite de oliva lata 85 grs","price":"1,59 €","pricePerUnit":"(18,71 €/Kg.)","imgUrl":"https://s3.dia.es/medias/hf3/h74/9668443144222.jpg"}]},"calamares-chipirones-y-pulpo":{"categoryUrl":"/compra-online/productos/alimentacion/conservas-pescado/calamares-chipirones-y-pulpo/c/WEB.003.018.00131","products":[{"title":"ALBO calamares  rellenos en su tinta lata 72 gr","price":"3,69 €","pricePerUnit":"(51,25 €/Kg.)","imgUrl":"https://s1.dia.es/medias/h05/hd7/8879265710110.png"},{"title":"ALBO calamares en su tinta lata 72 gr","price":"1,99 €","pricePerUnit":"(27,64 €/Kg.)","imgUrl":"https://s1.dia.es/medias/h53/hb4/8834779709470.png"},{"title":"ALBO trozos de calamares en salsa americana lata 72 gr","price":"1,99 €","pricePerUnit":"(27,64 €/Kg.)","imgUrl":"https://s3.dia.es/medias/ha3/h88/8816200515614.png"},{"title":"CALVO calamares en su tinta lata 72 gr","price":"1,55 €","pricePerUnit":"(21,53 €/Kg.)","imgUrl":"https://s2.dia.es/medias/h5a/h1e/9342359470110.jpg"},{"title":"DIA chipirones rellenos en salsa americana lata 72 gr","price":"1,78 €","pricePerUnit":"(24,72 €/Kg.)","imgUrl":"https://s3.dia.es/medias/h69/h23/8822365061150.png"},{"title":"DIA chipirones rellenos en su tinta lata 72 gr","price":"1,78 €","pricePerUnit":"(24,72 €/Kg.)","imgUrl":"https://s2.dia.es/medias/he9/h4a/9628198797342.jpg"},{"title":"DIA DELICIOUS chipirones rellenos en aceite de oliva lata 72 gr","price":"3,70 €","pricePerUnit":"(51,39 €/Kg.)","imgUrl":"https://s2.dia.es/medias/h95/hc1/8984009080862.jpg"},{"title":"DIA poton en salsa americana pack de 3 latas 55 gr","price":"1,58 €","pricePerUnit":"(9,58 €/Kg.)","imgUrl":"https://s3.dia.es/medias/h85/h4b/8822382886942.png"},{"title":"DIA potón en su tinta pack 3 latas 55 gr","price":"1,58 €","pricePerUnit":"(9,58 €/Kg.)","imgUrl":"https://s2.dia.es/medias/h9a/h05/8833669726238.png"},{"title":"DIA tacos en aceite de girasol lata 72 g","price":"1,19 €","pricePerUnit":"(16,53 €/Kg.)","imgUrl":"https://s0.dia.es/medias/h2d/hb3/8822447898654.png"},{"title":"PAY PAY calamares en salsa americana pack 3 latas 55 gr","price":"2,25 €","pricePerUnit":"(13,64 €/Kg.)","imgUrl":"https://s0.dia.es/medias/h98/ha5/8904879603742.jpg"},{"title":"PAY PAY chipirones rellenos en aceite de girasol lata 72 gr","price":"2,35 €","pricePerUnit":"(32,64 €/Kg.)","imgUrl":"https://s1.dia.es/medias/h8f/h7b/8954960838686.png"},{"title":"PAY PAY chipirones rellenos en tinta lata 72 gr","price":"2,35 €","pricePerUnit":"(32,64 €/Kg.)","imgUrl":"https://s1.dia.es/medias/h89/hd9/8904324513822.jpg"},{"title":"PAY PAY trozos de calamares en su tinta pack 3 latas 55 gr","price":"2,25 €","pricePerUnit":"(13,64 €/Kg.)","imgUrl":"https://s1.dia.es/medias/h24/h3b/8906981474334.jpg"}]},"caviar-y-sucedaneos":{"categoryUrl":"/compra-online/productos/alimentacion/conservas-pescado/caviar-y-sucedaneos/c/WEB.003.018.00132","products":[{"title":"ALBO atún claro en aceite de oliva lata 67 gr","price":"1,59 €","pricePerUnit":"(23,73 €/Kg.)","imgUrl":"https://s3.dia.es/medias/h15/hab/8958474977310.png"},{"title":"ALBO atún claro en aceite de oliva lata 82 gr","price":"2,65 €","pricePerUnit":"(32,32 €/Kg.)","imgUrl":"https://s2.dia.es/medias/hf8/hd8/8833701707806.png"},{"title":"ALBO atún claro en aceite de oliva pack 3 latas 67 gr","price":"5,90 €","pricePerUnit":"(29,35 €/Kg.)","imgUrl":"https://s3.dia.es/medias/h01/h22/8879530835998.png"},{"title":"ALBO atún claro en aceite de oliva pack de 3 latas 48 gr","price":"4,25 €","pricePerUnit":"(22,14 €/Kg.)","imgUrl":"https://s2.dia.es/medias/h0b/h78/8835085041694.png"},{"title":"ALBO atún claro en aceite de oliva pack de 6 latas 48 gr","price":"7,59 €","pricePerUnit":"(26,35 €/Kg.)","imgUrl":"https://s0.dia.es/medias/h97/h95/8866618441758.png"},{"title":"ALBO atún claro en aceite de oliva virgen extra bajo en sal pack 3 latas 67 gr","price":"5,90 €","pricePerUnit":"(29,35 €/Kg.)","imgUrl":"https://s0.dia.es/medias/haa/h4d/8962684551198.jpg"},{"title":"ALBO atún claro en aceite de oliva virgen extra lata 82 gr","price":"2,35 €","pricePerUnit":"(28,66 €/Kg.)","imgUrl":"https://s1.dia.es/medias/he6/h08/8958704287774.png"},{"title":"ALBO atún claro en aceite de oliva virgen extra pack de 3 latas 48 gr","price":"4,25 €","pricePerUnit":"(29,51 €/Kg.)","imgUrl":"https://s0.dia.es/medias/he6/hf7/8834881421342.png"},{"title":"ALBO atún claro en salsa picantona lata 82 gr","price":"2,39 €","pricePerUnit":"(29,15 €/Kg.)","imgUrl":"https://s3.dia.es/medias/h0b/hac/8958773329950.jpg"},{"title":"ALBO bonito del norte en aceite de oliva bajo en sal lata 82 gr","price":"2,90 €","pricePerUnit":"(35,37 €/Kg.)","imgUrl":"https://s0.dia.es/medias/hde/h00/8958522753054.jpg"},{"title":"ALBO bonito del norte en aceite de oliva lata 67 gr","price":"2,05 €","pricePerUnit":"(30,60 €/Kg.)","imgUrl":"https://s0.dia.es/medias/hf4/h76/8962759655454.jpg"},{"title":"ALBO bonito del norte en aceite de oliva lata 82 gr","price":"2,98 €","pricePerUnit":"(36,34 €/Kg.)","imgUrl":"https://s1.dia.es/medias/hb3/h8f/8834422472734.png"},{"title":"ALBO bonito del norte en escabeche lata 82 gr","price":"2,90 €","pricePerUnit":"(35,37 €/Kg.)","imgUrl":"https://s3.dia.es/medias/h2b/h1a/8958743674910.jpg"},{"title":"ALBO calamares  rellenos en su tinta lata 72 gr","price":"3,69 €","pricePerUnit":"(51,25 €/Kg.)","imgUrl":"https://s1.dia.es/medias/h05/hd7/8879265710110.png"},{"title":"ALBO calamares en su tinta lata 72 gr","price":"1,99 €","pricePerUnit":"(27,64 €/Kg.)","imgUrl":"https://s1.dia.es/medias/h53/hb4/8834779709470.png"},{"title":"ALBO filetes de caballa del sur en aceite de oliva lata 85 gr","price":"2,47 €","pricePerUnit":"(29,06 €/Kg.)","imgUrl":"https://s3.dia.es/medias/hf3/hcb/8962687238174.jpg"},{"title":"ALBO sardinas en aceite de oliva lata 85 gr","price":"1,97 €","pricePerUnit":"(23,18 €/Kg.)","imgUrl":"https://s1.dia.es/medias/h83/h46/8834783379486.png"},{"title":"ALBO sardinas en aceite de oliva virgen extra  lata 85 gr","price":"2,05 €","pricePerUnit":"(24,12 €/Kg.)","imgUrl":"https://s0.dia.es/medias/h97/hb2/8879335702558.png"},{"title":"ALBO sardinas en escabeche lata 85 gr","price":"1,85 €","pricePerUnit":"(21,76 €/Kg.)","imgUrl":"https://s0.dia.es/medias/hca/h6d/8834422997022.png"},{"title":"ALBO sardinas picantonas lata 85 gr","price":"2,00 €","pricePerUnit":"(23,53 €/Kg.)","imgUrl":"https://s0.dia.es/medias/ha8/h7e/8835534749726.png"},{"title":"ALBO sardinillas en aceite de oliva 8/12 piezas lata 82 gr","price":"2,25 €","pricePerUnit":"(27,44 €/Kg.)","imgUrl":"https://s0.dia.es/medias/h8d/h5a/8958639472670.jpg"},{"title":"ALBO trozos de calamares en salsa americana lata 72 gr","price":"1,99 €","pricePerUnit":"(27,64 €/Kg.)","imgUrl":"https://s3.dia.es/medias/ha3/h88/8816200515614.png"},{"title":"AMALUR trufa negra entera frasco 10 gr","price":"3,39 €","pricePerUnit":"(282,50 €/Kg.)","imgUrl":"https://s0.dia.es/medias/h8b/h6c/9164319719454.jpg"},{"title":"BALEA agujas en aceite vegetal lata 187 gr","price":"2,85 €","pricePerUnit":"(15,24 €/Kg.)","imgUrl":"https://s3.dia.es/medias/h7a/hc6/8962784952350.jpg"},{"title":"BALEA chicharrillo en aceite de girasol lata 187 gr","price":"1,99 €","pricePerUnit":"(10,64 €/Kg.)","imgUrl":"https://s3.dia.es/medias/h14/hf1/8962651783198.jpg"},{"title":"BALEA chicharrillo en aceite de girasol lata 81 gr","price":"0,90 €","pricePerUnit":"(11,11 €/Kg.)","imgUrl":"https://s3.dia.es/medias/hb3/h1a/8962604072990.jpg"},{"title":"BALEA chicharrillo en escabeche 12/14 piezas lata 187 gr","price":"1,99 €","pricePerUnit":"(10,64 €/Kg.)","imgUrl":"https://s0.dia.es/medias/h1b/h9d/8979819003934.jpg"},{"title":"BALEA chicharrillo en escabeche 6/8 piezas lata 81 gr","price":"1,25 €","pricePerUnit":"(15,43 €/Kg.)","imgUrl":"https://s1.dia.es/medias/hd3/hb5/8962716860446.jpg"},{"title":"BALEA sardinillas en escabeche 6/8 piezas lata 57 gr","price":"0,79 €","pricePerUnit":"(13,86 €/Kg.)","imgUrl":"https://s3.dia.es/medias/h62/ha4/8962557739038.jpg"},{"title":"BAYMAR almejas al natural lata 63 gr","price":"2,25 €","pricePerUnit":"(35,71 €/Kg.)","imgUrl":"https://s0.dia.es/medias/h4e/h85/8993974026270.jpg"},{"title":"BAYMAR berberechos al natural medianos lata 58 gr","price":"2,99 €","pricePerUnit":"(51,55 €/Kg.)","imgUrl":"https://s2.dia.es/medias/h3e/hb8/8946083004446.png"},{"title":"BOYA chicharrillos en escabeche lata 83 gr","price":"1,39 €","pricePerUnit":"(16,75 €/Kg.)","imgUrl":"https://s2.dia.es/medias/h21/h2e/9543935131678.jpg"},{"title":"CABO DE HORNOS navajas al natural lata 63 gr","price":"1,85 €","pricePerUnit":"(29,37 €/Kg.)","imgUrl":"https://s3.dia.es/medias/h9e/h64/9240201494558.jpg"},{"title":"CABO DE PEÑAS mejillones al natural 13/18 piezas lata 69 gr","price":"1,00 €","pricePerUnit":"(9,01 €/Kg.)","imgUrl":"https://s3.dia.es/medias/h6d/hc6/9608352989214.jpg"},{"title":"CABO DE PEÑAS mejillones en escabeche 13/18 piezas lata 69 gr","price":"1,00 €","pricePerUnit":"(9,01 €/Kg.)","imgUrl":"https://s0.dia.es/medias/h93/h33/9608341782558.jpg"},{"title":"CALVO atun claro al natural bajo en sal pack 3 latas 168 gr","price":"3,23 €","pricePerUnit":"(19,23 €/Kg.)","imgUrl":"https://s1.dia.es/medias/h76/h0e/9342346625054.jpg"},{"title":"CALVO atun claro al natural pack de 3 latas x 168 gr","price":"2,75 €","pricePerUnit":"(16,37 €/Kg.)","imgUrl":"https://s0.dia.es/medias/he8/h13/9342347280414.jpg"},{"title":"CALVO atun claro en aceite de oliva carbonell pack de 3 latas de 73 grs","price":"5,15 €","pricePerUnit":"(23,52 €/Kg.)","imgUrl":"https://s2.dia.es/medias/h3c/h91/9365163474974.jpg"},{"title":"CALVO atun claro en aceite de oliva pack de 3 latas x 52 grs","price":"3,85 €","pricePerUnit":"(24,68 €/Kg.)","imgUrl":"https://s2.dia.es/medias/ha2/h77/9342426054686.jpg"},{"title":"CALVO atun en aceite de oliva bajo en sal pack de 3 latas x 52 grs","price":"3,85 €","pricePerUnit":"(24,68 €/Kg.)","imgUrl":"https://s2.dia.es/medias/h2c/h1a/9342425727006.jpg"},{"title":"CALVO atún al natural lata 112 gr","price":"1,59 €","pricePerUnit":"(14,20 €/Kg.)","imgUrl":"https://s1.dia.es/medias/he8/h6d/8958669815838.png"},{"title":"CALVO atún claro en aceite de girasol lata 403 gr","price":"5,70 €","pricePerUnit":"(14,14 €/Kg.)","imgUrl":"https://s3.dia.es/medias/h53/h45/9342453252126.jpg"},{"title":"CALVO atún claro en aceite de girasol pack 3 latas 52 gr","price":"2,75 €","pricePerUnit":"(17,63 €/Kg.)","imgUrl":"https://s1.dia.es/medias/h60/hb5/9342420746270.jpg"},{"title":"CALVO atún claro en aceite de girasol pack 6 latas 52 gr","price":"5,15 €","pricePerUnit":"(16,51 €/Kg.)","imgUrl":"https://s0.dia.es/medias/h59/h94/9342346297374.jpg"},{"title":"CALVO atún claro en aceite de oliva pack 3 latas 156 gr","price":"3,25 €","pricePerUnit":"(20,83 €/Kg.)","imgUrl":"https://s0.dia.es/medias/h05/h7e/9342422450206.jpg"},{"title":"CALVO atún claro en aceite oliva virgen extra pack 3 latas x 52 gr","price":"3,60 €","pricePerUnit":"(15,00 €/Kg.)","imgUrl":"https://s2.dia.es/medias/h30/hb9/9342406197278.jpg"},{"title":"CALVO atún claro en escabeche pack 3 latas 56 gr","price":"2,75 €","pricePerUnit":"(16,37 €/Kg.)","imgUrl":"https://s1.dia.es/medias/h70/h87/9342397939742.jpg"},{"title":"CALVO atún en aceite vegetal lata 104 gr","price":"1,64 €","pricePerUnit":"(15,77 €/Kg.)","imgUrl":"https://s3.dia.es/medias/h04/h05/9342374936606.jpg"},{"title":"CALVO atún en salsa de tomate pack 3 latas 52 gr","price":"2,59 €","pricePerUnit":"(16,60 €/Kg.)","imgUrl":"https://s1.dia.es/medias/h2e/hc6/9662459314206.jpg"},{"title":"CALVO calamares en su tinta lata 72 gr","price":"1,55 €","pricePerUnit":"(21,53 €/Kg.)","imgUrl":"https://s2.dia.es/medias/h5a/h1e/9342359470110.jpg"},{"title":"CALVO Ligero atún claro en aceite de girasol pack 3 latas 56 gr","price":"2,75 €","pricePerUnit":"(16,37 €/Kg.)","imgUrl":"https://s2.dia.es/medias/h23/h1c/9342337712158.jpg"},{"title":"CALVO Ligero atún claro en aceite de oliva pack 3 latas 56 gr","price":"3,60 €","pricePerUnit":"(21,43 €/Kg.)","imgUrl":"https://s2.dia.es/medias/h44/h62/9342400954398.jpg"},{"title":"CALVO mejillones al natural 14/19 piezas lata 69 gr","price":"1,55 €","pricePerUnit":"(22,46 €/Kg.)","imgUrl":"https://s2.dia.es/medias/hfb/h04/9342415503390.jpg"},{"title":"CALVO mejillones en escabeche 14/19 piezas lata 69  grs","price":"1,55 €","pricePerUnit":"(22,46 €/Kg.)","imgUrl":"https://s3.dia.es/medias/h05/h2b/9342457839646.jpg"},{"title":"CALVO mejillones en escabeche 8/12 piezas lata 69 grs","price":"2,45 €","pricePerUnit":"(35,51 €/Kg.)","imgUrl":"https://s2.dia.es/medias/hfa/h20/9342375264286.jpg"},{"title":"CALVO mejillones en escabeche pack de 3 latas x 40 grs","price":"2,10 €","pricePerUnit":"(17,50 €/Kg.)","imgUrl":"https://s3.dia.es/medias/h95/h18/9515732762654.jpg"},{"title":"CALVO sardinas en aceite de oliva lata 81 grs","price":"1,25 €","pricePerUnit":"(15,43 €/Kg.)","imgUrl":"https://s2.dia.es/medias/hd0/hfd/9342406852638.jpg"},{"title":"CALVO sardinas en escabeche lata 84 gr","price":"1,05 €","pricePerUnit":"(12,50 €/Kg.)","imgUrl":"https://s3.dia.es/medias/h3c/h6b/9342421073950.jpg"},{"title":"CALVO sardinillas en aceite de oliva baja en sal lata 60 g","price":"1,20 €","pricePerUnit":"(20,00 €/Kg.)","imgUrl":"https://s1.dia.es/medias/h8e/h55/9342405869598.jpg"},{"title":"CAMPOS atun claro al natural lata 112 gr","price":"1,69 €","pricePerUnit":"(15,09 €/Kg.)","imgUrl":"https://s3.dia.es/medias/h25/h16/9600466124830.jpg"},{"title":"CAMPOS atun claro en aceite vegetal lata 104 gr","price":"1,65 €","pricePerUnit":"(15,87 €/Kg.)","imgUrl":"https://s2.dia.es/medias/h43/h45/9598224138270.jpg"},{"title":"CAMPOS atún claro en aceite de oliva lata 104 gr","price":"1,85 €","pricePerUnit":"(17,79 €/Kg.)","imgUrl":"https://s0.dia.es/medias/h45/h69/9662449418270.jpg"},{"title":"CAMPOS atún claro en escabeche lata 190 gr","price":"3,95 €","pricePerUnit":"(20,79 €/Kg.)","imgUrl":"https://s3.dia.es/medias/h0f/hae/9600388431902.jpg"},{"title":"CAPOS atún claro en escabeche lata 104 gr","price":"1,69 €","pricePerUnit":"(16,25 €/Kg.)","imgUrl":"https://s2.dia.es/medias/h87/hc6/8958484021278.png"},{"title":"CONSORCIO atún claro en aceite de oliva frasco 135 gr","price":"3,99 €","pricePerUnit":"(29,56 €/Kg.)","imgUrl":"https://s3.dia.es/medias/h6a/he8/9207134650398.jpg"},{"title":"CONSORCIO bonito del norte en aceite de oliva frasco 260 gr","price":"5,75 €","pricePerUnit":"(22,12 €/Kg.)","imgUrl":"https://s3.dia.es/medias/h28/hdc/8962765684766.jpg"},{"title":"CONSORCIO bonito del norte en aceite de oliva lata 82 gr","price":"2,45 €","pricePerUnit":"(29,88 €/Kg.)","imgUrl":"https://s2.dia.es/medias/h78/h7b/9552681992222.jpg"},{"title":"CONSORCIO bonito del norte en escabeche lata 80 gr","price":"2,45 €","pricePerUnit":"(30,63 €/Kg.)","imgUrl":"https://s2.dia.es/medias/h40/hb5/9552651780126.jpg"},{"title":"CONSORCIO filetes de anchoa en aceite de oliva lata 29g neto escurrido","price":"2,45 €","pricePerUnit":"(84,48 €/Kg.)","imgUrl":"https://s0.dia.es/medias/h04/h6f/9552703651870.jpg"},{"title":"CUCA atún claro en aceite de oliva pack 3 latas 48 gr","price":"3,35 €","pricePerUnit":"(23,26 €/Kg.)","imgUrl":"https://s0.dia.es/medias/hdd/h29/9662404788254.jpg"},{"title":"CUCA mejillones en escabeche 6/8 piezas lata 69 gr","price":"5,90 €","pricePerUnit":"(51,30 €/Kg.)","imgUrl":"https://s2.dia.es/medias/h79/ha6/9326299119646.jpg"},{"title":"CUCA mejillones en escabeche lata 69 gr","price":"4,19 €","pricePerUnit":"(60,72 €/Kg.)","imgUrl":"https://s3.dia.es/medias/hf4/h9a/9662467178526.jpg"},{"title":"CUCA sardinas en aceite de oliva lata 85 gr","price":"1,80 €","pricePerUnit":"(21,18 €/Kg.)","imgUrl":"https://s2.dia.es/medias/h23/had/9662414356510.jpg"},{"title":"CUCA sardinillas en aceite de oliva lata 81 gr","price":"2,39 €","pricePerUnit":"(29,51 €/Kg.)","imgUrl":"https://s0.dia.es/medias/he9/hc9/9662437490718.jpg"},{"title":"DANI almejas natural lata 63 gr","price":"1,95 €","pricePerUnit":"(30,95 €/Kg.)","imgUrl":"https://s2.dia.es/medias/h49/ha2/9484654673950.jpg"},{"title":"DANI berberechos al natural 40/50 piezas lata 63 grs","price":"3,68 €","pricePerUnit":"(58,41 €/Kg.)","imgUrl":"https://s2.dia.es/medias/h14/hbd/9240298553374.jpg"},{"title":"DANI berberechos al natural 55/65 piezas lata 58 grs","price":"2,85 €","pricePerUnit":"(49,14 €/Kg.)","imgUrl":"https://s0.dia.es/medias/hcd/hb5/9240179867678.jpg"},{"title":"DANI berberechos al natural 65-up lata 63 grs","price":"2,30 €","pricePerUnit":"(36,51 €/Kg.)","imgUrl":"https://s3.dia.es/medias/hd3/h20/9240132288542.jpg"},{"title":"DANI berberechos al natural tamaño pequeño lata 90 grs","price":"3,16 €","pricePerUnit":"(35,11 €/Kg.)","imgUrl":"https://s3.dia.es/medias/h13/hac/9240297898014.jpg"},{"title":"DANI navajuelas al natural lata 63 gr","price":"1,95 €","pricePerUnit":"(30,95 €/Kg.)","imgUrl":"https://s3.dia.es/medias/ha1/h34/9485669105694.jpg"},{"title":"DANI zamburiñas en salsa de vieira lata 63 g","price":"1,59 €","pricePerUnit":"(25,24 €/Kg.)","imgUrl":"https://s1.dia.es/medias/hee/hd7/9485402177566.jpg"},{"title":"DIA agujas en aceite de oliva lata 80 gr","price":"1,29 €","pricePerUnit":"(16,13 €/Kg.)","imgUrl":"https://s3.dia.es/medias/h01/hba/8974088536094.jpg"},{"title":"DIA atun claro en aceite de girasol pack de 3 latas x 52 grs","price":"1,69 €","pricePerUnit":"(10,83 €/Kg.)","imgUrl":"https://s0.dia.es/medias/h40/h4f/8974094368798.jpg"},{"title":"DIA atún claro al natural pack de 3 latas 56 gr","price":"1,69 €","pricePerUnit":"(10,06 €/Kg.)","imgUrl":"https://s2.dia.es/medias/h77/ha9/8974136999966.jpg"},{"title":"DIA atún claro al natural pack de 6 latas 56 gr","price":"2,99 €","pricePerUnit":"(8,90 €/Kg.)","imgUrl":"https://s0.dia.es/medias/h87/h4a/8974107344926.jpg"},{"title":"DIA atún claro en aceite de girasol  pack de 6 latas 52 gr","price":"2,99 €","pricePerUnit":"(9,58 €/Kg.)","imgUrl":"https://s1.dia.es/medias/h88/h4f/8974066253854.jpg"},{"title":"DIA atún claro en aceite de girasol pack 2 latas 104 gr","price":"2,05 €","pricePerUnit":"(9,86 €/Kg.)","imgUrl":"https://s3.dia.es/medias/hd3/hf9/8974087880734.jpg"},{"title":"DIA atún claro en aceite de oliva pack 3 latas 52 gr","price":"2,09 €","pricePerUnit":"(13,40 €/Kg.)","imgUrl":"https://s2.dia.es/medias/h35/he9/8974123991070.jpg"},{"title":"DIA atún claro en aceite de oliva pack 6 latas 52 gr","price":"3,45 €","pricePerUnit":"(11,06 €/Kg.)","imgUrl":"https://s1.dia.es/medias/h86/h86/8974124974110.jpg"},{"title":"DIA atún claro en escabeche pack 2 latas 104 gr","price":"2,05 €","pricePerUnit":"(9,86 €/Kg.)","imgUrl":"https://s2.dia.es/medias/h5d/hb7/8977019633694.jpg"},{"title":"DIA atún claro en escabeche pack de 3 latas 52 gr","price":"1,69 €","pricePerUnit":"(10,83 €/Kg.)","imgUrl":"https://s3.dia.es/medias/hfd/h21/9683301924894.jpg"},{"title":"DIA atún claro en escabeche pack de 6 latas 52 gr","price":"3,30 €","pricePerUnit":"(10,58 €/Kg.)","imgUrl":"https://s2.dia.es/medias/hb7/h87/9683300286494.jpg"},{"title":"DIA atún en aceite de girasol lata 650 gr","price":"5,35 €","pricePerUnit":"(8,23 €/Kg.)","imgUrl":"https://s0.dia.es/medias/h51/hb0/9656233885726.jpg"},{"title":"DIA atún en aceite de girasol pack de 3 latas 52 gr","price":"1,62 €","pricePerUnit":"(10,38 €/Kg.)","imgUrl":"https://s0.dia.es/medias/h2e/he2/9683305529374.jpg"},{"title":"DIA atún en aceite de girasol pack de 6 latas 52 gr","price":"2,99 €","pricePerUnit":"(9,58 €/Kg.)","imgUrl":"https://s2.dia.es/medias/h57/hcc/9683300941854.jpg"},{"title":"DIA berberechos al natural 70/100 piezas lata 63 gr","price":"2,25 €","pricePerUnit":"(35,71 €/Kg.)","imgUrl":"https://s3.dia.es/medias/hbd/hd8/8823011377182.png"},{"title":"DIA bonito del norte en aceite de oliva lata 73 gr","price":"1,17 €","pricePerUnit":"(16,03 €/Kg.)","imgUrl":"https://s3.dia.es/medias/h30/he4/9569484242974.jpg"},{"title":"DIA bonito del norte en escabeche lata 104 gr","price":"1,60 €","pricePerUnit":"(15,38 €/Kg.)","imgUrl":"https://s2.dia.es/medias/h03/h28/8977034051614.jpg"},{"title":"DIA chicharillos en aceite de girasol lata 80 gr","price":"1,35 €","pricePerUnit":"(16,88 €/Kg.)","imgUrl":"https://s0.dia.es/medias/hfd/h4d/8974135689246.jpg"},{"title":"DIA chipirones rellenos en salsa americana lata 72 gr","price":"1,78 €","pricePerUnit":"(24,72 €/Kg.)","imgUrl":"https://s3.dia.es/medias/h69/h23/8822365061150.png"}]},"mejillones":{"categoryUrl":"/compra-online/productos/alimentacion/conservas-pescado/mejillones/c/WEB.003.018.00133","products":[{"title":"CABO DE PEÑAS mejillones al natural 13/18 piezas lata 69 gr","price":"1,00 €","pricePerUnit":"(9,01 €/Kg.)","imgUrl":"https://s3.dia.es/medias/h6d/hc6/9608352989214.jpg"},{"title":"CABO DE PEÑAS mejillones en escabeche 13/18 piezas lata 69 gr","price":"1,00 €","pricePerUnit":"(9,01 €/Kg.)","imgUrl":"https://s0.dia.es/medias/h93/h33/9608341782558.jpg"},{"title":"CALVO mejillones al natural 14/19 piezas lata 69 gr","price":"1,55 €","pricePerUnit":"(22,46 €/Kg.)","imgUrl":"https://s2.dia.es/medias/hfb/h04/9342415503390.jpg"},{"title":"CALVO mejillones en escabeche 14/19 piezas lata 69  grs","price":"1,55 €","pricePerUnit":"(22,46 €/Kg.)","imgUrl":"https://s3.dia.es/medias/h05/h2b/9342457839646.jpg"},{"title":"CALVO mejillones en escabeche 8/12 piezas lata 69 grs","price":"2,45 €","pricePerUnit":"(35,51 €/Kg.)","imgUrl":"https://s2.dia.es/medias/hfa/h20/9342375264286.jpg"},{"title":"CALVO mejillones en escabeche pack de 3 latas x 40 grs","price":"2,10 €","pricePerUnit":"(17,50 €/Kg.)","imgUrl":"https://s3.dia.es/medias/h95/h18/9515732762654.jpg"},{"title":"CUCA mejillones en escabeche 6/8 piezas lata 69 gr","price":"5,90 €","pricePerUnit":"(51,30 €/Kg.)","imgUrl":"https://s2.dia.es/medias/h79/ha6/9326299119646.jpg"},{"title":"CUCA mejillones en escabeche lata 69 gr","price":"4,19 €","pricePerUnit":"(60,72 €/Kg.)","imgUrl":"https://s3.dia.es/medias/hf4/h9a/9662467178526.jpg"},{"title":"DIA DELICIOUS mejillones en escabeche 6/8 piezas lata 69 gr","price":"3,09 €","pricePerUnit":"(44,78 €/Kg.)","imgUrl":"https://s0.dia.es/medias/hd0/h73/8974097055774.jpg"},{"title":"DIA mejillones en escabeche 13/18 piezas pack  2 latas 69 gr","price":"1,80 €","pricePerUnit":"(13,04 €/Kg.)","imgUrl":"https://s2.dia.es/medias/h6f/h56/8823169777694.png"},{"title":"DIA mejillones en escabeche 8/12 piezas lata 69 gr","price":"1,52 €","pricePerUnit":"(22,03 €/Kg.)","imgUrl":"https://s2.dia.es/medias/h01/h00/8822168453150.png"},{"title":"DIA mejillones en escabeche pack de 3 latas 43 gr","price":"1,35 €","pricePerUnit":"(10,47 €/Kg.)","imgUrl":"https://s3.dia.es/medias/h2d/h88/8822285369374.png"},{"title":"DIA mejillones en escabeche picante 14/18 piezas lata 69 gr","price":"1,09 €","pricePerUnit":"(15,80 €/Kg.)","imgUrl":"https://s0.dia.es/medias/h3e/hf7/8823018192926.png"},{"title":"DIA mejillón al natural 14/18 piezas lata 69 gr","price":"0,99 €","pricePerUnit":"(14,35 €/Kg.)","imgUrl":"https://s2.dia.es/medias/h71/h99/8854995992606.png"},{"title":"ISABEL mejillon en escabeche  pack 3 latas x 43 grs","price":"2,29 €","pricePerUnit":"(17,75 €/Kg.)","imgUrl":"https://s1.dia.es/medias/hf5/hb2/9662416650270.jpg"},{"title":"ISABEL mejillones en escabeche 8/12 piezas lata 69 grs","price":"2,35 €","pricePerUnit":"(34,06 €/Kg.)","imgUrl":"https://s2.dia.es/medias/h7f/h63/9662458331166.jpg"},{"title":"ISABEL mejillones en salsa vieira 13/18 piezas lata 69 grs","price":"1,45 €","pricePerUnit":"(21,01 €/Kg.)","imgUrl":"https://s2.dia.es/medias/h38/h9f/9662427267102.jpg"},{"title":"MONTEY mejillones en escabeche 6/8 piezas lata 69 gr","price":"2,29 €","pricePerUnit":"(33,19 €/Kg.)","imgUrl":"https://s0.dia.es/medias/h26/hbb/8904860205086.jpg"},{"title":"MONTEY mejillones en escabeche 8/14 piezas lata 69 gr","price":"1,69 €","pricePerUnit":"(24,49 €/Kg.)","imgUrl":"https://s0.dia.es/medias/h50/hac/8875601526814.png"},{"title":"MONTEY mejillones en escabeche lata 69 gr","price":"1,05 €","pricePerUnit":"(15,22 €/Kg.)","imgUrl":"https://s3.dia.es/medias/ha8/h91/8879534506014.png"},{"title":"ORBE mejillones de las rías gallegas en escabeche lata 69 gr","price":"1,00 €","pricePerUnit":"(14,49 €/Kg.)","imgUrl":"https://s2.dia.es/medias/h03/hec/9563673755678.jpg"}]},"sardinas-y-sardinillas":{"categoryUrl":"/compra-online/productos/alimentacion/conservas-pescado/sardinas-y-sardinillas/c/WEB.003.018.00136","products":[{"title":"ALBO sardinas en aceite de oliva lata 85 gr","price":"1,97 €","pricePerUnit":"(23,18 €/Kg.)","imgUrl":"https://s1.dia.es/medias/h83/h46/8834783379486.png"},{"title":"ALBO sardinas en aceite de oliva virgen extra  lata 85 gr","price":"2,05 €","pricePerUnit":"(24,12 €/Kg.)","imgUrl":"https://s0.dia.es/medias/h97/hb2/8879335702558.png"},{"title":"ALBO sardinas en escabeche lata 85 gr","price":"1,85 €","pricePerUnit":"(21,76 €/Kg.)","imgUrl":"https://s0.dia.es/medias/hca/h6d/8834422997022.png"},{"title":"ALBO sardinas picantonas lata 85 gr","price":"2,00 €","pricePerUnit":"(23,53 €/Kg.)","imgUrl":"https://s0.dia.es/medias/ha8/h7e/8835534749726.png"},{"title":"ALBO sardinillas en aceite de oliva 8/12 piezas lata 82 gr","price":"2,25 €","pricePerUnit":"(27,44 €/Kg.)","imgUrl":"https://s0.dia.es/medias/h8d/h5a/8958639472670.jpg"},{"title":"BALEA sardinillas en escabeche 6/8 piezas lata 57 gr","price":"0,79 €","pricePerUnit":"(13,86 €/Kg.)","imgUrl":"https://s3.dia.es/medias/h62/ha4/8962557739038.jpg"},{"title":"CALVO sardinas en aceite de oliva lata 81 grs","price":"1,25 €","pricePerUnit":"(15,43 €/Kg.)","imgUrl":"https://s2.dia.es/medias/hd0/hfd/9342406852638.jpg"},{"title":"CALVO sardinas en escabeche lata 84 gr","price":"1,05 €","pricePerUnit":"(12,50 €/Kg.)","imgUrl":"https://s3.dia.es/medias/h3c/h6b/9342421073950.jpg"},{"title":"CALVO sardinillas en aceite de oliva baja en sal lata 60 g","price":"1,20 €","pricePerUnit":"(20,00 €/Kg.)","imgUrl":"https://s1.dia.es/medias/h8e/h55/9342405869598.jpg"},{"title":"CUCA sardinas en aceite de oliva lata 85 gr","price":"1,80 €","pricePerUnit":"(21,18 €/Kg.)","imgUrl":"https://s2.dia.es/medias/h23/had/9662414356510.jpg"},{"title":"CUCA sardinillas en aceite de oliva lata 81 gr","price":"2,39 €","pricePerUnit":"(29,51 €/Kg.)","imgUrl":"https://s0.dia.es/medias/he9/hc9/9662437490718.jpg"},{"title":"DIA DELICIOUS sardinillas en aceite de oliva lata 81 gr","price":"1,79 €","pricePerUnit":"(22,10 €/Kg.)","imgUrl":"https://s1.dia.es/medias/h60/hc1/8984079532062.jpg"},{"title":"DIA sardinas en aceite de oliva lata 80 gr","price":"0,75 €","pricePerUnit":"(8,82 €/Kg.)","imgUrl":"https://s3.dia.es/medias/hb8/h9a/8822060449822.png"},{"title":"DIA sardinas en aceite vegetal lata 85 gr","price":"0,64 €","pricePerUnit":"(7,53 €/Kg.)","imgUrl":"https://s3.dia.es/medias/h45/hfb/8962767716382.jpg"},{"title":"DIA sardinas en aceite vegetal pack de 2 latas de 85 grs","price":"1,18 €","pricePerUnit":"(6,94 €/Kg.)","imgUrl":"https://s2.dia.es/medias/h62/h25/8823856103454.png"},{"title":"DIA sardinas en tomate lata 85 grs","price":"0,62 €","pricePerUnit":"(7,29 €/Kg.)","imgUrl":"https://s0.dia.es/medias/h21/hfd/8821956902942.png"},{"title":"DIA sardinas picantonas lata 84 gr","price":"1,37 €","pricePerUnit":"(16,31 €/Kg.)","imgUrl":"https://s2.dia.es/medias/h41/hb1/8974129299486.jpg"},{"title":"DIA sardinilla en aceite vegetal pack de 2 latas de 63 grs","price":"1,11 €","pricePerUnit":"(8,81 €/Kg.)","imgUrl":"https://s1.dia.es/medias/h82/h31/8823988748318.png"},{"title":"DIA sardinillas en aceite de oliva lata 62 grs","price":"0,74 €","pricePerUnit":"(11,94 €/Kg.)","imgUrl":"https://s1.dia.es/medias/hfb/h81/8822229270558.png"},{"title":"DIA sardinillas en aceite picante lata 62 grs","price":"0,76 €","pricePerUnit":"(12,26 €/Kg.)","imgUrl":"https://s1.dia.es/medias/h54/h50/9565915054110.jpg"},{"title":"DIA sardinillas en aceite vegetal lata 62 gr","price":"0,66 €","pricePerUnit":"(10,65 €/Kg.)","imgUrl":"https://s3.dia.es/medias/h08/hfe/9526613803038.jpg"},{"title":"DIA sardinillas en escabeche lata 62 grs","price":"0,76 €","pricePerUnit":"(12,26 €/Kg.)","imgUrl":"https://s2.dia.es/medias/ha8/hfa/9565924884510.jpg"},{"title":"DIA sardinillas en tomate lata 62 gr","price":"0,65 €","pricePerUnit":"(10,48 €/Kg.)","imgUrl":"https://s1.dia.es/medias/hdf/he3/9565858889758.jpg"},{"title":"DIAMIR sardinillas en aceite vegetal 20/25 piezas lata 187 gr","price":"1,69 €","pricePerUnit":"(9,04 €/Kg.)","imgUrl":"https://s0.dia.es/medias/h5c/h15/9556752302110.jpg"},{"title":"ISABEL sardinas al grill en aceite de oliva lata 85 gr","price":"2,49 €","pricePerUnit":"(20,75 €/Kg.)","imgUrl":"https://s2.dia.es/medias/h14/hd9/9662540775454.jpg"},{"title":"ISABEL sardinillas en aceite de oliva lata 57 gr","price":"1,29 €","pricePerUnit":"(22,63 €/Kg.)","imgUrl":"https://s0.dia.es/medias/h60/h63/9662416322590.jpg"},{"title":"MONTEY sardinillas en aceite vegetal pack 2 latas 65 gr","price":"1,69 €","pricePerUnit":"(13,00 €/Kg.)","imgUrl":"https://s0.dia.es/medias/h8c/h7e/8904694530078.jpg"}]},"otras-conservas":{"categoryUrl":"/compra-online/productos/alimentacion/conservas-pescado/otras-conservas/c/WEB.003.018.00138","products":[{"title":"AMALUR trufa negra entera frasco 10 gr","price":"3,39 €","pricePerUnit":"(282,50 €/Kg.)","imgUrl":"https://s0.dia.es/medias/h8b/h6c/9164319719454.jpg"},{"title":"BALEA agujas en aceite vegetal lata 187 gr","price":"2,85 €","pricePerUnit":"(15,24 €/Kg.)","imgUrl":"https://s3.dia.es/medias/h7a/hc6/8962784952350.jpg"},{"title":"BALEA chicharrillo en aceite de girasol lata 187 gr","price":"1,99 €","pricePerUnit":"(10,64 €/Kg.)","imgUrl":"https://s3.dia.es/medias/h14/hf1/8962651783198.jpg"},{"title":"BALEA chicharrillo en aceite de girasol lata 81 gr","price":"0,90 €","pricePerUnit":"(11,11 €/Kg.)","imgUrl":"https://s3.dia.es/medias/hb3/h1a/8962604072990.jpg"},{"title":"BALEA chicharrillo en escabeche 12/14 piezas lata 187 gr","price":"1,99 €","pricePerUnit":"(10,64 €/Kg.)","imgUrl":"https://s0.dia.es/medias/h1b/h9d/8979819003934.jpg"},{"title":"BALEA chicharrillo en escabeche 6/8 piezas lata 81 gr","price":"1,25 €","pricePerUnit":"(15,43 €/Kg.)","imgUrl":"https://s1.dia.es/medias/hd3/hb5/8962716860446.jpg"},{"title":"BOYA chicharrillos en escabeche lata 83 gr","price":"1,39 €","pricePerUnit":"(16,75 €/Kg.)","imgUrl":"https://s2.dia.es/medias/h21/h2e/9543935131678.jpg"},{"title":"CABO DE HORNOS navajas al natural lata 63 gr","price":"1,85 €","pricePerUnit":"(29,37 €/Kg.)","imgUrl":"https://s3.dia.es/medias/h9e/h64/9240201494558.jpg"},{"title":"DANI navajuelas al natural lata 63 gr","price":"1,95 €","pricePerUnit":"(30,95 €/Kg.)","imgUrl":"https://s3.dia.es/medias/ha1/h34/9485669105694.jpg"},{"title":"DANI zamburiñas en salsa de vieira lata 63 g","price":"1,59 €","pricePerUnit":"(25,24 €/Kg.)","imgUrl":"https://s1.dia.es/medias/hee/hd7/9485402177566.jpg"},{"title":"DIA agujas en aceite de oliva lata 80 gr","price":"1,29 €","pricePerUnit":"(16,13 €/Kg.)","imgUrl":"https://s3.dia.es/medias/h01/hba/8974088536094.jpg"},{"title":"DIA chicharillos en aceite de girasol lata 80 gr","price":"1,35 €","pricePerUnit":"(16,88 €/Kg.)","imgUrl":"https://s0.dia.es/medias/hfd/h4d/8974135689246.jpg"},{"title":"DIA maravillas de mar al ajillo lata 50 gr","price":"1,55 €","pricePerUnit":"(31,00 €/Kg.)","imgUrl":"https://s0.dia.es/medias/hcc/h10/8823025598494.png"},{"title":"DIA zamburiñas en salsa vieira lata 65 gr","price":"1,32 €","pricePerUnit":"(20,31 €/Kg.)","imgUrl":"https://s3.dia.es/medias/h87/h2b/8823926358046.png"},{"title":"MAYOZ mayulas de aguinaga al ajillo lata 55 grs","price":"1,37 €","pricePerUnit":"(24,91 €/Kg.)","imgUrl":"https://s0.dia.es/medias/ha3/h36/8916665335838.png"},{"title":"MONTEY bacalao a la vizcaína lata 70 gr","price":"2,14 €","pricePerUnit":"(30,57 €/Kg.)","imgUrl":"https://s1.dia.es/medias/h58/h9d/8955017855006.png"},{"title":"PAY PAY delicias de mar al ajillo picante lata 50 gr","price":"1,55 €","pricePerUnit":"(31,00 €/Kg.)","imgUrl":"https://s0.dia.es/medias/he1/h4e/9550801600542.jpg"}]}},"conservas-vegetales":{"name":"Conservasvegetales","productTypes":["tomate","alcachofa","esparrago","guisante","judia-verde","macedonias-y-menestras","maiz","pimiento","setas-y-champinones","acelga-y-espinacas","vegetales-ensalada","otros-vegetales"],"tomate":{"categoryUrl":"/compra-online/productos/alimentacion/conservas-vegetales/tomate/c/WEB.003.019.00152","products":[{"title":"CASINO BIO tomate triturado botella 690 gr","price":"1,49 €","pricePerUnit":"(2,16 €/Kg.)","imgUrl":"https://s0.dia.es/medias/ha6/hd4/9327521988638.jpg"},{"title":"DIA tomate entero pelado lata 480GR","price":"0,81 €","pricePerUnit":"(1,69 €/Kg.)","imgUrl":"https://s0.dia.es/medias/h23/h44/9529506103326.jpg"},{"title":"DIA tomate triturado con cebolla lata 380 gr","price":"0,59 €","pricePerUnit":"(1,55 €/Kg.)","imgUrl":"https://s3.dia.es/medias/h1e/hc3/8894385487902.png"},{"title":"DIA tomate triturado lata 390 gr","price":"0,43 €","pricePerUnit":"(1,08 €/Kg.)","imgUrl":"https://s3.dia.es/medias/h3f/hb4/9370300448798.jpg"},{"title":"DIA tomate triturado lata 800GR","price":"0,75 €","pricePerUnit":"(0,94 €/Kg.)","imgUrl":"https://s3.dia.es/medias/hd6/hef/9370305036318.jpg"},{"title":"DIA tomate troceado lata 400GR","price":"0,60 €","pricePerUnit":"(1,50 €/Kg.)","imgUrl":"https://s3.dia.es/medias/h30/h18/8821984231454.png"},{"title":"HIDA Pisto sofrito de verduras casero lata 340 gr","price":"1,29 €","pricePerUnit":"(3,79 €/Kg.)","imgUrl":"https://s3.dia.es/medias/hd9/h24/9120811843614.jpg"},{"title":"HIDA tomate doble concentrado lata 170 gr","price":"0,80 €","pricePerUnit":"(4,71 €/Kg.)","imgUrl":"https://s1.dia.es/medias/hc8/h22/9164318081054.jpg"},{"title":"SOLIS tomate frito casero 0% sal y azucares tarro 350 gr","price":"1,52 €","pricePerUnit":"(4,34 €/Kg.)","imgUrl":"https://s0.dia.es/medias/h4c/h6a/9578588504094.jpg"},{"title":"VALMASERA tomate natural troceado bio lata 390 gr","price":"1,75 €","pricePerUnit":"(4,49 €/Kg.)","imgUrl":"https://s3.dia.es/medias/hc0/hd2/9102879457310.jpg"}]},"alcachofa":{"categoryUrl":"/compra-online/productos/alimentacion/conservas-vegetales/alcachofa/c/WEB.003.019.00140","products":[{"title":"BALY corazones de alcachofa 10/14 piezas lata 240 gr","price":"2,49 €","pricePerUnit":"(10,38 €/Kg.)","imgUrl":"https://s1.dia.es/medias/ha1/h71/8980727660574.jpg"},{"title":"BUJANDA corazones de alcachofa frasco 400 gr","price":"4,45 €","pricePerUnit":"(11,71 €/Kg.)","imgUrl":"https://s3.dia.es/medias/h26/h4a/9047598563358.jpg"},{"title":"CELORRIO corazones de alcachofa 8/12 piezas frasco 165 gr","price":"1,95 €","pricePerUnit":"(11,82 €/Kg.)","imgUrl":"https://s1.dia.es/medias/h2d/hea/9592201609246.jpg"},{"title":"DIA alcachofas 12/14 piezas lata 240 g","price":"1,70 €","pricePerUnit":"(7,08 €/Kg.)","imgUrl":"https://s1.dia.es/medias/haa/h9d/8823638523934.png"},{"title":"DIA corazones alcachofas 6/8 lata 240GR","price":"1,77 €","pricePerUnit":"(7,38 €/Kg.)","imgUrl":"https://s0.dia.es/medias/hed/h67/8822572679198.png"},{"title":"DIA corazones alcachofas 8/12 frasco 115 ML","price":"1,39 €","pricePerUnit":"(12,09 €/Kg.)","imgUrl":"https://s0.dia.es/medias/h89/h6a/8823097950238.png"},{"title":"DIA DELICIOUS corazones de alcachofas de tudela frasco 250 gr","price":"3,95 €","pricePerUnit":"(15,80 €/Kg.)","imgUrl":"https://s3.dia.es/medias/hd4/h0f/8883884195870.png"},{"title":"EXITO corazon alcacho 8/10 LATA 240GR","price":"2,39 €","pricePerUnit":"(9,96 €/Kg.)","imgUrl":"https://s2.dia.es/medias/h5d/hd4/8834417229854.png"},{"title":"GUTARRA corazones de alcachofa en mitades frasco 400 gr","price":"5,09 €","pricePerUnit":"(12,73 €/Kg.)","imgUrl":"https://s2.dia.es/medias/h6b/h71/9657991266334.jpg"},{"title":"VENCEROL corazones de alcachofa 12/16 piezas frasco 175 gr","price":"2,29 €","pricePerUnit":"(13,09 €/Kg.)","imgUrl":"https://s0.dia.es/medias/hdb/h02/9516755091486.jpg"}]},"esparrago":{"categoryUrl":"/compra-online/productos/alimentacion/conservas-vegetales/esparrago/c/WEB.003.019.00143","products":[{"title":"BUJANDA espárragos blancos extra 10/16 frasco 205 gr","price":"1,95 €","pricePerUnit":"(9,51 €/Kg.)","imgUrl":"https://s2.dia.es/medias/h26/h5b/9004883476510.jpg"},{"title":"BUJANDA espárragos blancos extra 6/9 muy grueso frasco 205 gr","price":"2,50 €","pricePerUnit":"(12,20 €/Kg.)","imgUrl":"https://s3.dia.es/medias/h04/h5b/9047570251806.jpg"},{"title":"BUJANDA espárragos blancos extra gruesos 17/24 piezas lata 425 gr","price":"4,75 €","pricePerUnit":"(11,18 €/Kg.)","imgUrl":"https://s0.dia.es/medias/h2b/hc7/8878340964382.png"},{"title":"BUJANDA espárragos blancos extra muy grueso 6/12 piezas frasco 325 gr","price":"6,95 €","pricePerUnit":"(21,38 €/Kg.)","imgUrl":"https://s0.dia.es/medias/hbd/hd7/9592196300830.jpg"},{"title":"BUJANDA espárragos blancos extra muy gruesos  6/9 piezas frasco 325 gr","price":"3,15 €","pricePerUnit":"(9,69 €/Kg.)","imgUrl":"https://s3.dia.es/medias/h6d/h7e/8878437597214.png"},{"title":"BUJANDA espárragos cortos extra gruesos 8/12 piezas frasco 110 gr","price":"2,19 €","pricePerUnit":"(19,91 €/Kg.)","imgUrl":"https://s1.dia.es/medias/h2b/h97/8878239842334.png"},{"title":"BUJANDA yemas de espárragos gruesas 8/12 piezas frasco 185 gr","price":"2,00 €","pricePerUnit":"(10,81 €/Kg.)","imgUrl":"https://s2.dia.es/medias/h9a/hd8/8879318269982.png"},{"title":"BUJANDA yemas de espárragos medianas frasco 110 gr","price":"1,99 €","pricePerUnit":"(18,09 €/Kg.)","imgUrl":"https://s1.dia.es/medias/hfa/hfb/9047560421406.jpg"},{"title":"CARRETILLA esparrago blanco 6/12 FRASCO 325GR","price":"3,52 €","pricePerUnit":"(10,83 €/Kg.)","imgUrl":"https://s2.dia.es/medias/hd5/h42/9634733752350.jpg"},{"title":"CARRETILLA esparrago blanco ext LATA 150GR","price":"2,66 €","pricePerUnit":"(17,73 €/Kg.)","imgUrl":"https://s1.dia.es/medias/h01/h94/9634814099486.jpg"},{"title":"CARRETILLA espárragos blancos cortos calidad extra frasco 110 gr","price":"2,85 €","pricePerUnit":"(25,91 €/Kg.)","imgUrl":"https://s1.dia.es/medias/h70/ha2/9082906443806.jpg"},{"title":"CARRETILLA espárragos blancos extra calibre grueso 8/12 uds frasco 205 gr","price":"2,79 €","pricePerUnit":"(13,61 €/Kg.)","imgUrl":"https://s1.dia.es/medias/h33/hc4/9082925121566.jpg"},{"title":"CARRETILLA espárragos verdes frasco 190 gr","price":"3,10 €","pricePerUnit":"(15,90 €/Kg.)","imgUrl":"https://s3.dia.es/medias/he0/h5f/8833551630366.png"},{"title":"CARRETILLA yemas de espárrago especial ensaladas lata 135 g","price":"2,07 €","pricePerUnit":"(15,33 €/Kg.)","imgUrl":"https://s1.dia.es/medias/h38/h17/8858419593246.png"},{"title":"CARRETILLA yemas de espárragos gruesos lata 135 gr","price":"3,49 €","pricePerUnit":"(25,85 €/Kg.)","imgUrl":"https://s1.dia.es/medias/h51/h70/9082984038430.jpg"},{"title":"CASAGRANDE  yemas de espárragos blancos baby frasco 110 gr","price":"1,37 €","pricePerUnit":"(12,45 €/Kg.)","imgUrl":"https://s0.dia.es/medias/h00/he8/8879431974942.png"},{"title":"CASAGRANDE espárragos verdes frasco 100 gr","price":"1,62 €","pricePerUnit":"(16,20 €/Kg.)","imgUrl":"https://s3.dia.es/medias/h09/hc8/8879343304734.png"},{"title":"CELORRIO yemas de espárragos blancos extra frasco 110 gr","price":"1,89 €","pricePerUnit":"(17,18 €/Kg.)","imgUrl":"https://s3.dia.es/medias/he8/h45/9592226906142.jpg"},{"title":"DIA DELICIOUS espárragos blancos DO Navarra frasco 325 gr","price":"5,99 €","pricePerUnit":"(18,43 €/Kg.)","imgUrl":"https://s1.dia.es/medias/ha2/h7d/8823964631070.png"},{"title":"DIA esparrago grueso 9/16 LATA 250 gr","price":"3,75 €","pricePerUnit":"(15,00 €/Kg.)","imgUrl":"https://s2.dia.es/medias/hcb/hb4/8821920727070.png"},{"title":"DIA espárrago blanco medio extra lata 150 gr","price":"1,59 €","pricePerUnit":"(12,72 €/Kg.)","imgUrl":"https://s1.dia.es/medias/h77/hb3/9356828180510.jpg"},{"title":"DIA espárragos blancos delgados frasco 110 gr","price":"1,14 €","pricePerUnit":"(10,36 €/Kg.)","imgUrl":"https://s0.dia.es/medias/h5d/hed/8822030499870.png"},{"title":"DIA espárragos blancos muy gruesos 9/12 piezas frasco 325 gr","price":"2,53 €","pricePerUnit":"(7,78 €/Kg.)","imgUrl":"https://s2.dia.es/medias/h23/h8e/9355261444126.jpg"},{"title":"DIA espárragos verdes frasco 100 gr","price":"1,37 €","pricePerUnit":"(13,70 €/Kg.)","imgUrl":"https://s3.dia.es/medias/hb6/haa/8984109056030.jpg"},{"title":"DIA yemas de espárragos extra 9/12 frasco 180 gr","price":"1,99 €","pricePerUnit":"(18,09 €/Kg.)","imgUrl":"https://s0.dia.es/medias/h51/h15/8883725271070.png"}]},"guisante":{"categoryUrl":"/compra-online/productos/alimentacion/conservas-vegetales/guisante/c/WEB.003.019.00145","products":[{"title":"BONDUELLE guisantes al natural finos pack 2 latas 130 gr","price":"1,50 €","pricePerUnit":"(5,77 €/Kg.)","imgUrl":"https://s2.dia.es/medias/h94/hf8/8879452160030.png"},{"title":"BONDUELLE guisantes cocinados extra finos frasco 465 gr","price":"2,64 €","pricePerUnit":"(5,68 €/Kg.)","imgUrl":"https://s1.dia.es/medias/h28/h14/9484777095198.jpg"},{"title":"BONDUELLE guisantes muy finos pack 3 x 140 gr","price":"2,69 €","pricePerUnit":"(6,40 €/Kg.)","imgUrl":"https://s1.dia.es/medias/hb0/h2b/8863359827998.jpg"},{"title":"BONDUELLE guisantes tiernos y muy finos lata 250 gr","price":"1,39 €","pricePerUnit":"(5,56 €/Kg.)","imgUrl":"https://s3.dia.es/medias/ha5/hfe/8923333361694.jpg"},{"title":"DIA guisante muy fino lata 250 gr","price":"0,59 €","pricePerUnit":"(2,36 €/Kg.)","imgUrl":"https://s3.dia.es/medias/h24/hdb/8822380789790.png"}]},"judia-verde":{"categoryUrl":"/compra-online/productos/alimentacion/conservas-vegetales/judia-verde/c/WEB.003.019.00146","products":[{"title":"BONDUELLE Judia verde LATA 225GR","price":"1,53 €","pricePerUnit":"(6,80 €/Kg.)","imgUrl":"https://s0.dia.es/medias/h1f/hb4/8898057371678.jpg"},{"title":"BONDUELLE judias verdes troceadas frasco 360 grs","price":"2,29 €","pricePerUnit":"(6,36 €/Kg.)","imgUrl":"https://s2.dia.es/medias/ha1/hc9/8915311099934.jpg"},{"title":"BONDUELLE judías verdes extra finas frasco 280 gr","price":"3,69 €","pricePerUnit":"(13,18 €/Kg.)","imgUrl":"https://s0.dia.es/medias/he0/ha3/8923332050974.jpg"},{"title":"DIA judias verdes redondas frasco 360 grs.","price":"1,01 €","pricePerUnit":"(2,81 €/Kg.)","imgUrl":"https://s0.dia.es/medias/h68/hd5/8823748624414.png"},{"title":"DIA judías verdes cortadas categoría extra frasco 360 gr","price":"0,94 €","pricePerUnit":"(2,61 €/Kg.)","imgUrl":"https://s1.dia.es/medias/he4/h0f/8822067789854.png"},{"title":"DIA judías verdes troceadas lata 455 gr","price":"1,05 €","pricePerUnit":"(2,31 €/Kg.)","imgUrl":"https://s0.dia.es/medias/h16/h99/8821913387038.png"},{"title":"GUTARRA judías verdes cortadas en tiras frasco 350 gr","price":"2,25 €","pricePerUnit":"(6,43 €/Kg.)","imgUrl":"https://s3.dia.es/medias/h39/he4/9657992249374.jpg"}]},"macedonias-y-menestras":{"categoryUrl":"/compra-online/productos/alimentacion/conservas-vegetales/macedonias-y-menestras/c/WEB.003.019.00147","products":[{"title":"BUJANDA menestra de verduras frasco 400 gr","price":"3,30 €","pricePerUnit":"(8,25 €/Kg.)","imgUrl":"https://s1.dia.es/medias/h58/he7/9047554785310.jpg"},{"title":"DIA ensalada mediterránea frasco 310 gr","price":"2,39 €","pricePerUnit":"(7,71 €/Kg.)","imgUrl":"https://s1.dia.es/medias/h0f/h80/8894468849694.png"},{"title":"DIA guisantes con zanahorias pack 3 latas 130 gr","price":"1,85 €","pricePerUnit":"(4,74 €/Kg.)","imgUrl":"https://s1.dia.es/medias/hff/he1/8894367662110.png"},{"title":"DIA macedonia de verdura frasco 325 gr","price":"0,76 €","pricePerUnit":"(2,34 €/Kg.)","imgUrl":"https://s2.dia.es/medias/h13/h8f/9334542696478.jpg"},{"title":"GVTARRA macedonia de verduras frasco 720 ml","price":"2,49 €","pricePerUnit":"(3,46 €/Kg.)","imgUrl":"https://s3.dia.es/medias/h2d/h6b/9658087997470.jpg"},{"title":"YBARRA menestra de verduras frasco 400 gr","price":"2,45 €","pricePerUnit":"(6,13 €/Kg.)","imgUrl":"https://s1.dia.es/medias/h37/h8f/9532596781086.jpg"}]},"maiz":{"categoryUrl":"/compra-online/productos/alimentacion/conservas-vegetales/maiz/c/WEB.003.019.00148","products":[{"title":"BONDUELLE maíz dulce pack 3 latas 420 gr","price":"2,44 €","pricePerUnit":"(5,81 €/Kg.)","imgUrl":"https://s1.dia.es/medias/h6f/h58/9663332483102.jpg"},{"title":"BONDUELLE maíz un toque pack 3 latas 70 gr","price":"1,64 €","pricePerUnit":"(7,81 €/Kg.)","imgUrl":"https://s0.dia.es/medias/h33/h58/9004898877470.jpg"},{"title":"GIGANTE VERDE maiz clasico bipack LATA 280GR","price":"1,45 €","pricePerUnit":"(5,18 €/Kg.)","imgUrl":"https://s3.dia.es/medias/h6e/h89/9156108714014.jpg"},{"title":"GIGANTE VERDE maiz ligero 0% sal pack 2 latas  x 140 g","price":"1,59 €","pricePerUnit":"(5,68 €/Kg.)","imgUrl":"https://s0.dia.es/medias/h88/h87/9154951217182.jpg"}]},"pimiento":{"categoryUrl":"/compra-online/productos/alimentacion/conservas-vegetales/pimiento/c/WEB.003.019.00150","products":[{"title":"BUJANDA pimiento de piquillo al ajillo frasco 220 gr","price":"1,59 €","pricePerUnit":"(5,48 €/Kg.)","imgUrl":"https://s2.dia.es/medias/h7d/ha8/8879426535454.png"},{"title":"BUJANDA pimientos del piquillo entero extra frasco 260 gr","price":"1,65 €","pricePerUnit":"(6,35 €/Kg.)","imgUrl":"https://s1.dia.es/medias/ha4/he6/9076072087582.jpg"},{"title":"CARRETILLA pimientos del piquillo extra entero frasco 260 gr","price":"1,69 €","pricePerUnit":"(6,50 €/Kg.)","imgUrl":"https://s0.dia.es/medias/h12/h79/9634821963806.jpg"},{"title":"CELORRIO pimientos en tiras con ajos frasco 190 gr","price":"1,49 €","pricePerUnit":"(5,14 €/Kg.)","imgUrl":"https://s2.dia.es/medias/h97/h17/9592206524446.jpg"},{"title":"CORONAS DE LABARRA pimiento de piquillo en tiras frasco 220 gr","price":"1,21 €","pricePerUnit":"(5,50 €/Kg.)","imgUrl":"https://s3.dia.es/medias/h2a/h6c/8879547613214.png"},{"title":"DIA pimiento de piquillo en tiras condimentadas frasco 225 gr","price":"1,00 €","pricePerUnit":"(4,55 €/Kg.)","imgUrl":"https://s3.dia.es/medias/hab/h1c/9529511018526.jpg"},{"title":"DIA pimientos del piquillo al natural enteros extra frasco 370 gr","price":"1,15 €","pricePerUnit":"(4,42 €/Kg.)","imgUrl":"https://s0.dia.es/medias/h0e/h26/8894351605790.png"},{"title":"DIA pimientos del piquillo enteros lata 150 gr","price":"1,15 €","pricePerUnit":"(7,67 €/Kg.)","imgUrl":"https://s2.dia.es/medias/ha9/h55/8822232940574.png"},{"title":"DIAMIR  pimiento morrón pack 3 latas 180 gr","price":"1,19 €","pricePerUnit":"(6,61 €/Kg.)","imgUrl":"https://s3.dia.es/medias/h51/h93/9586378014750.jpg"},{"title":"IBSA pimientos asados al ajillo frasco 295 gr","price":"2,45 €","pricePerUnit":"(8,31 €/Kg.)","imgUrl":"https://s0.dia.es/medias/h85/h67/9163055333406.jpg"},{"title":"IBSA pimientos asados frasco 285 gr","price":"2,53 €","pricePerUnit":"(8,88 €/Kg.)","imgUrl":"https://s1.dia.es/medias/h43/h0a/9163133059102.jpg"},{"title":"IBSA pimientos caramelizados frasco 240 gr","price":"2,85 €","pricePerUnit":"(11,88 €/Kg.)","imgUrl":"https://s3.dia.es/medias/h66/h94/8979763232798.jpg"},{"title":"LA COSTEÑA chiles jalapeños en escabeche lata 220 gr","price":"1,39 €","pricePerUnit":"(6,32 €/Kg.)","imgUrl":"https://s0.dia.es/medias/h44/h19/9653607464990.jpg"},{"title":"Pimientos asados a la leña en tiras envase 350 gr","price":"1,99 €","pricePerUnit":"(5,69 €/Kg.)","imgUrl":"https://s0.dia.es/medias/hf6/hd9/8834559639582.png"},{"title":"VALMASERA pimientos del piquillo enteros extra bio frasco 170 gr","price":"3,50 €","pricePerUnit":"(20,59 €/Kg.)","imgUrl":"https://s2.dia.es/medias/h0f/hf3/9158830522398.jpg"}]},"setas-y-champinones":{"categoryUrl":"/compra-online/productos/alimentacion/conservas-vegetales/setas-y-champinones/c/WEB.003.019.00151","products":[{"title":"BONDUELLE champiñones un toque pack 2 latas 55 gr","price":"1,64 €","pricePerUnit":"(14,91 €/Kg.)","imgUrl":"https://s1.dia.es/medias/h3f/h53/9004861521950.jpg"},{"title":"BONDUELLE champiñón mini frasco 170 gr","price":"1,85 €","pricePerUnit":"(10,88 €/Kg.)","imgUrl":"https://s3.dia.es/medias/hd9/h1b/8915644743710.jpg"},{"title":"BUJANDA revuelto de setas frasco 140 gr","price":"1,49 €","pricePerUnit":"(6,77 €/Kg.)","imgUrl":"https://s2.dia.es/medias/hb8/ha7/9076053934110.jpg"},{"title":"DIA champiñon laminado pack 3 latas 315 gr","price":"1,55 €","pricePerUnit":"(4,92 €/Kg.)","imgUrl":"https://s0.dia.es/medias/h08/h52/8822555377694.png"},{"title":"DIA champiñones enteros LATA 185GR","price":"0,98 €","pricePerUnit":"(5,30 €/Kg.)","imgUrl":"https://s1.dia.es/medias/h3d/h61/8821880881182.png"},{"title":"DIA champiñones laminado LATA 185GR","price":"0,85 €","pricePerUnit":"(4,59 €/Kg.)","imgUrl":"https://s2.dia.es/medias/he8/h06/8821959000094.png"}]},"acelga-y-espinacas":{"categoryUrl":"/compra-online/productos/alimentacion/conservas-vegetales/acelga-y-espinacas/c/WEB.003.019.00139","products":[{"title":"DIA acelgas frasco 425 gr","price":"1,15 €","pricePerUnit":"(2,71 €/Kg.)","imgUrl":"https://s0.dia.es/medias/h3f/h5e/9334511501342.jpg"},{"title":"DIAMIR espinacas extra frasco 400 gr","price":"1,29 €","pricePerUnit":"(3,23 €/Kg.)","imgUrl":"https://s0.dia.es/medias/h52/hb4/8879365652510.png"},{"title":"GVTARRA acelgas troceadas frasco 425 gr","price":"2,35 €","pricePerUnit":"(5,53 €/Kg.)","imgUrl":"https://s3.dia.es/medias/h47/h55/9658098155550.jpg"},{"title":"GVTARRA espinacas extra frasco 425 gr","price":"2,65 €","pricePerUnit":"(6,24 €/Kg.)","imgUrl":"https://s2.dia.es/medias/h16/ha7/9658069909534.jpg"}]},"vegetales-ensalada":{"categoryUrl":"/compra-online/productos/alimentacion/conservas-vegetales/vegetales-ensalada/c/WEB.003.019.00153","products":[{"title":"BONDUELLE brotes de soja pack 2 latas 180 gr","price":"2,35 €","pricePerUnit":"(13,06 €/Kg.)","imgUrl":"https://s0.dia.es/medias/h51/hc8/8865822965790.jpg"},{"title":"DIA ensalada china FRASCO 180GR","price":"0,98 €","pricePerUnit":"(5,44 €/Kg.)","imgUrl":"https://s3.dia.es/medias/h59/h3a/8822265970718.png"},{"title":"DIA ensalada zanahoria FRASCO 180GR","price":"0,66 €","pricePerUnit":"(3,67 €/Kg.)","imgUrl":"https://s2.dia.es/medias/he7/h9a/8822451568670.png"},{"title":"DIA remolacha en vinagre FRASCO 180GR","price":"0,60 €","pricePerUnit":"(3,33 €/Kg.)","imgUrl":"https://s3.dia.es/medias/hfe/ha7/8821905522718.png"},{"title":"MONTEY ensalada china frasco 180 gr","price":"0,89 €","pricePerUnit":"(4,94 €/Kg.)","imgUrl":"https://s2.dia.es/medias/heb/hf3/8906840637470.jpg"},{"title":"MONTEY zanahoria rallada frasco 180 gr","price":"0,73 €","pricePerUnit":"(4,06 €/Kg.)","imgUrl":"https://s1.dia.es/medias/he5/h13/8879480799262.png"}]},"otros-vegetales":{"categoryUrl":"/compra-online/productos/alimentacion/conservas-vegetales/otros-vegetales/c/WEB.003.019.00155","products":[{"title":"AMALUR habas baby  FRASCO 425GR","price":"1,67 €","pricePerUnit":"(3,93 €/Kg.)","imgUrl":"https://s3.dia.es/medias/h94/h8a/9092522770462.jpg"},{"title":"AMALUR patatas paris FRASCO 425 GR","price":"1,26 €","pricePerUnit":"(2,96 €/Kg.)","imgUrl":"https://s2.dia.es/medias/h63/hb4/9107480543262.jpg"},{"title":"CORONAS DE LABARRA patatas enteras cocidas frasco 425 gr","price":"1,35 €","pricePerUnit":"(3,18 €/Kg.)","imgUrl":"https://s2.dia.es/medias/h62/h05/8879535030302.png"},{"title":"DIA cardo FRASCO 400GR","price":"1,15 €","pricePerUnit":"(2,88 €/Kg.)","imgUrl":"https://s3.dia.es/medias/he4/h30/9334558228510.jpg"},{"title":"DIAMIR cardos troceados frasco 400 gr","price":"1,27 €","pricePerUnit":"(3,18 €/Kg.)","imgUrl":"https://s2.dia.es/medias/ha5/h58/8878317371422.png"},{"title":"GUTARRA cardo troceado frasco 400 gr","price":"2,70 €","pricePerUnit":"(6,75 €/Kg.)","imgUrl":"https://s3.dia.es/medias/h38/h07/9657968590878.jpg"},{"title":"GVTARRA coles de bruselas extra frasco 425 gr","price":"2,49 €","pricePerUnit":"(5,86 €/Kg.)","imgUrl":"https://s3.dia.es/medias/h68/h10/9658086686750.jpg"},{"title":"HELIOS borraja al natural frasco 400 gr","price":"2,15 €","pricePerUnit":"(5,38 €/Kg.)","imgUrl":"https://s1.dia.es/medias/h39/hfe/8979790102558.jpg"},{"title":"HELIOS puerros FRASCO 400GR","price":"3,09 €","pricePerUnit":"(7,73 €/Kg.)","imgUrl":"https://s2.dia.es/medias/h0d/h43/9662529896478.jpg"},{"title":"HELIOS zanahorias enteras frasco 220 gr","price":"1,29 €","pricePerUnit":"(6,00 €/Kg.)","imgUrl":"https://s0.dia.es/medias/h58/he0/8898075787294.jpg"},{"title":"IBSA cebolla caramelizada con aceite de oliva frasco 240 gr","price":"1,60 €","pricePerUnit":"(6,67 €/Kg.)","imgUrl":"https://s2.dia.es/medias/h1a/hfe/8879320432670.png"},{"title":"MONTEY corazones de palmito cortado frasco 125 ml","price":"1,40 €","pricePerUnit":"(12,73 €/Kg.)","imgUrl":"https://s0.dia.es/medias/h8d/hb6/9600413270046.jpg"},{"title":"VENCEROL habitas baby en aceite de oliva frasco 150 gr","price":"4,39 €","pricePerUnit":"(29,27 €/Kg.)","imgUrl":"https://s1.dia.es/medias/h91/hfb/8956741943326.png"},{"title":"YBARRA coliflor natural FRASCO 400GR","price":"1,56 €","pricePerUnit":"(3,90 €/Kg.)","imgUrl":"https://s2.dia.es/medias/ha2/h72/9532597108766.jpg"}]}},"harinas":{"name":"Harinas","productTypes":["harinas","levaduras"],"harinas":{"categoryUrl":"/compra-online/productos/alimentacion/harinas/harinas/c/WEB.003.020.00156","products":[{"title":"DIA harina de fuerza paquete 1 Kg","price":"0,72 €","pricePerUnit":"(0,72 €/Kg.)","imgUrl":"https://s0.dia.es/medias/he7/hb6/9363876380702.jpg"},{"title":"DIA harina paquete 1 Kg","price":"0,43 €","pricePerUnit":"(0,43 €/Kg.)","imgUrl":"https://s0.dia.es/medias/h07/h2e/8822040002590.png"},{"title":"ECOCESTA harina de avena integral bio paquete 500 gr","price":"2,25 €","pricePerUnit":"(4,50 €/Kg.)","imgUrl":"https://s2.dia.es/medias/h53/h3c/9664459112478.jpg"},{"title":"EL MOLINO DE CERECINOS harina de espelta ecológica paquete 500 gr","price":"1,99 €","pricePerUnit":"(3,98 €/Kg.)","imgUrl":"https://s3.dia.es/medias/hb8/h71/9592222318622.jpg"},{"title":"GALLO harina de trigo paquete 1 Kg","price":"0,95 €","pricePerUnit":"(0,95 €/Kg.)","imgUrl":"https://s0.dia.es/medias/h3d/h46/9603945922590.jpg"},{"title":"GALLO harina de trigo repostería 1 kg","price":"1,12 €","pricePerUnit":"(1,12 €/Kg.)","imgUrl":"https://s0.dia.es/medias/h45/h80/9603881107486.jpg"},{"title":"GALLO harina integral de trigo paquete 1 Kg","price":"1,09 €","pricePerUnit":"(1,09 €/Kg.)","imgUrl":"https://s1.dia.es/medias/h0a/h6a/9668400578590.jpg"},{"title":"GALLO preparado para repostería bizcochos paquete 1 Kg","price":"1,15 €","pricePerUnit":"(1,15 €/Kg.)","imgUrl":"https://s3.dia.es/medias/h5f/h69/9603922526238.jpg"},{"title":"MAIZENA harina de maíz paquete 400 gr","price":"1,59 €","pricePerUnit":"(3,98 €/Kg.)","imgUrl":"https://s3.dia.es/medias/h96/hfc/9592280317982.jpg"},{"title":"PAN harina 100% maiz blanco paquete  1kg","price":"1,99 €","pricePerUnit":"(1,99 €/Kg.)","imgUrl":"https://s1.dia.es/medias/h24/h01/9114118488094.jpg"},{"title":"PROCELI basic mix preparado panificable SIN GLUTEN paquete 1 kg","price":"3,95 €","pricePerUnit":"(3,95 €/Kg.)","imgUrl":"https://s0.dia.es/medias/h55/h78/9357342572574.jpg"},{"title":"SANTA RITA masa para pizza bote 430 gr","price":"1,89 €","pricePerUnit":"(4,40 €/Kg.)","imgUrl":"https://s2.dia.es/medias/h0e/h1e/9328755736606.jpg"},{"title":"SANTA RITA preparado tempura clásica para carnes verduras y pescado 500 gr","price":"1,98 €","pricePerUnit":"(3,96 €/Kg.)","imgUrl":"https://s3.dia.es/medias/h32/ha4/8881712234526.jpg"},{"title":"TIERRA DE SABOR harina de fuerza zamorana paquete 1 Kg","price":"0,95 €","pricePerUnit":"(0,95 €/Kg.)","imgUrl":"https://s2.dia.es/medias/h7f/h86/8878335590430.png"}]},"levaduras":{"categoryUrl":"/compra-online/productos/alimentacion/harinas/levaduras/c/WEB.003.020.00157","products":[{"title":"DIA levadura en polvo lata 150 gr","price":"1,05 €","pricePerUnit":"(7,00 €/Kg.)","imgUrl":"https://s1.dia.es/medias/he5/h38/8822249717790.png"},{"title":"ROYAL levadura de panaderia caja 27,5 gr","price":"1,70 €","pricePerUnit":"(61,82 €/Kg.)","imgUrl":"https://s3.dia.es/medias/h6a/h57/8957635362846.png"},{"title":"ROYAL levadura en polvo caja 96 gr","price":"2,19 €","pricePerUnit":"(22,81 €/Kg.)","imgUrl":"https://s1.dia.es/medias/hed/hc4/9553917411358.jpg"},{"title":"ROYAL levadura en polvo lata 113 gr","price":"2,35 €","pricePerUnit":"(20,80 €/Kg.)","imgUrl":"https://s0.dia.es/medias/he2/h64/9240029003806.jpg"}]}},"legumbres":{"name":"Legumbres","productTypes":["alubias","garbanzos","lentejas","alubias-cocidas","garbanzos-cocidos","lentejas-cocidas"],"alubias":{"categoryUrl":"/compra-online/productos/alimentacion/legumbres/alubias/c/WEB.003.021.00158","products":[{"title":"DIA alubia negra bolsa 500 gr","price":"1,10 €","pricePerUnit":"(2,20 €/Kg.)","imgUrl":"https://s2.dia.es/medias/ha1/hcf/9081078120478.jpg"},{"title":"DIA judias blancas riñon bolsa 1 Kg","price":"1,69 €","pricePerUnit":"(1,69 €/Kg.)","imgUrl":"https://s1.dia.es/medias/h18/h9a/9565917020190.jpg"},{"title":"DIA judias pintas bolsa 1 K","price":"1,90 €","pricePerUnit":"(1,90 €/Kg.)","imgUrl":"https://s3.dia.es/medias/hcc/h40/8821917581342.png"},{"title":"DIA judión blanco paquete 500 gr","price":"2,37 €","pricePerUnit":"(4,74 €/Kg.)","imgUrl":"https://s1.dia.es/medias/h22/h21/8883810205726.png"},{"title":"DON PEDRO alubias blancas paquete 1 Kg","price":"2,99 €","pricePerUnit":"(2,99 €/Kg.)","imgUrl":"https://s0.dia.es/medias/hda/h16/8878301708318.png"},{"title":"LA ASTURIANA alubia blanca paquete 1 Kg","price":"3,55 €","pricePerUnit":"(3,55 €/Kg.)","imgUrl":"https://s0.dia.es/medias/hf3/h8c/9016728158238.jpg"},{"title":"LUENGO alubia morada paquete 1 Kg","price":"3,65 €","pricePerUnit":"(3,65 €/Kg.)","imgUrl":"https://s2.dia.es/medias/h4b/he0/9615935733790.jpg"},{"title":"LUENGO alubia pinta paquete 1 Kg","price":"3,09 €","pricePerUnit":"(3,09 €/Kg.)","imgUrl":"https://s0.dia.es/medias/h21/h01/9616051109918.jpg"},{"title":"LUENGO alubias blancas paquete 1 kg","price":"3,36 €","pricePerUnit":"(3,36 €/Kg.)","imgUrl":"https://s3.dia.es/medias/hcb/h0b/9616160096286.jpg"}]},"garbanzos":{"categoryUrl":"/compra-online/productos/alimentacion/legumbres/garbanzos/c/WEB.003.021.00159","products":[{"title":"DIA garbanzo extra bolsa 1 KG.","price":"2,15 €","pricePerUnit":"(2,15 €/Kg.)","imgUrl":"https://s0.dia.es/medias/h4a/h75/9565854728222.jpg"},{"title":"DIA garbanzo pedrosillano paquete 1 Kg","price":"1,88 €","pricePerUnit":"(1,88 €/Kg.)","imgUrl":"https://s0.dia.es/medias/h25/h89/9353000222750.jpg"},{"title":"LA ASTURIANA garbanzo pedrosillano paquete 1 kg","price":"3,10 €","pricePerUnit":"(3,10 €/Kg.)","imgUrl":"https://s1.dia.es/medias/h3c/hf2/9272255971358.jpg"},{"title":"LA ASTURIANA garbanzos extra paquete 1 Kg","price":"3,88 €","pricePerUnit":"(3,88 €/Kg.)","imgUrl":"https://s3.dia.es/medias/hc6/h19/9272245747742.jpg"},{"title":"LUENGO garbanzo azul bolsa 1 KG","price":"1,99 €","pricePerUnit":"(1,99 €/Kg.)","imgUrl":"https://s0.dia.es/medias/haa/hfb/8833585709086.png"},{"title":"LUENGO garbanzo lechoso cabeza paquete 500 gr","price":"2,30 €","pricePerUnit":"(4,60 €/Kg.)","imgUrl":"https://s3.dia.es/medias/h20/h8c/9616120250398.jpg"},{"title":"LUENGO garbanzo lechoso paquete 1 Kg","price":"3,95 €","pricePerUnit":"(3,95 €/Kg.)","imgUrl":"https://s1.dia.es/medias/hbd/ha2/9616047177758.jpg"},{"title":"LUENGO garbanzo paquete 1 Kg","price":"4,18 €","pricePerUnit":"(4,18 €/Kg.)","imgUrl":"https://s3.dia.es/medias/h45/hb6/9616008052766.jpg"},{"title":"LUENGO garbanzo pedrosillano paquete 1 Kg","price":"3,03 €","pricePerUnit":"(3,03 €/Kg.)","imgUrl":"https://s1.dia.es/medias/h9f/hdf/9616115335198.jpg"},{"title":"LUENGO garbanzos cocidos frasco 400 gr","price":"0,86 €","pricePerUnit":"(2,15 €/Kg.)","imgUrl":"https://s1.dia.es/medias/h65/h0d/9616077651998.jpg"}]},"lentejas":{"categoryUrl":"/compra-online/productos/alimentacion/legumbres/lentejas/c/WEB.003.021.00160","products":[{"title":"CASINO BIO lentejas rojas paquete 500 gr","price":"1,99 €","pricePerUnit":"(3,98 €/Kg.)","imgUrl":"https://s3.dia.es/medias/h1e/h81/9327513468958.jpg"},{"title":"DIA lenteja cocción rápida paquete 1 Kg","price":"1,72 €","pricePerUnit":"(1,72 €/Kg.)","imgUrl":"https://s2.dia.es/medias/haa/he6/8823952048158.png"},{"title":"DIA lentejas castellana bolsa 1 Kg","price":"1,29 €","pricePerUnit":"(1,29 €/Kg.)","imgUrl":"https://s3.dia.es/medias/hfe/h8a/9081034801182.jpg"},{"title":"DIA lentejas pardina bolsa 1 Kg","price":"1,49 €","pricePerUnit":"(1,49 €/Kg.)","imgUrl":"https://s0.dia.es/medias/h8b/h01/9615949398046.jpg"},{"title":"LA ASTURIANA lenteja castellana paquete 500 gr","price":"1,75 €","pricePerUnit":"(3,50 €/Kg.)","imgUrl":"https://s0.dia.es/medias/hcf/h87/9272233623582.jpg"},{"title":"LA ASTURIANA lenteja pardina bolsa 1KG","price":"3,59 €","pricePerUnit":"(3,59 €/Kg.)","imgUrl":"https://s2.dia.es/medias/h68/hf9/9240264802334.jpg"},{"title":"LA ASTURIANA lenteja pardina bolsa 500 G","price":"1,85 €","pricePerUnit":"(3,70 €/Kg.)","imgUrl":"https://s2.dia.es/medias/h58/hd9/9240290361374.jpg"},{"title":"LUENGO lenteja castellana paquete 1 Kg","price":"3,00 €","pricePerUnit":"(3,00 €/Kg.)","imgUrl":"https://s3.dia.es/medias/hf4/h44/9615884746782.jpg"},{"title":"LUENGO lenteja pardina bolsa 1 Kg","price":"3,07 €","pricePerUnit":"(3,07 €/Kg.)","imgUrl":"https://s2.dia.es/medias/h23/h72/9616128770078.jpg"},{"title":"LUENGO lentenja pardina bolsa 500 G","price":"1,85 €","pricePerUnit":"(3,70 €/Kg.)","imgUrl":"https://s2.dia.es/medias/h9b/ha7/9616028041246.jpg"}]},"alubias-cocidas":{"categoryUrl":"/compra-online/productos/alimentacion/legumbres/alubias-cocidas/c/WEB.003.021.00161","products":[{"title":"DIA alubia roja cocida frasco 400 gr","price":"0,72 €","pricePerUnit":"(1,80 €/Kg.)","imgUrl":"https://s1.dia.es/medias/hc3/h97/8894319132702.png"},{"title":"DIA alubias blancas extra frasco 400GR","price":"0,56 €","pricePerUnit":"(1,40 €/Kg.)","imgUrl":"https://s1.dia.es/medias/h03/ha7/9670963888158.jpg"},{"title":"DIA combinado de alubias blancas con verduras frasco 400GR","price":"1,09 €","pricePerUnit":"(2,73 €/Kg.)","imgUrl":"https://s1.dia.es/medias/hd6/h4b/8822344089630.png"},{"title":"DIA judión cocido extra frasco 400GR","price":"1,14 €","pricePerUnit":"(2,85 €/Kg.)","imgUrl":"https://s1.dia.es/medias/hf0/hb1/8823643766814.png"},{"title":"LA ASTURIANA alubia cocido sin sal frasco 400 gr","price":"1,10 €","pricePerUnit":"(2,75 €/Kg.)","imgUrl":"https://s2.dia.es/medias/h3a/h38/9272233951262.jpg"},{"title":"LA ASTURIANA alubias blancas cocidas frasco 400 gr","price":"1,09 €","pricePerUnit":"(2,73 €/Kg.)","imgUrl":"https://s0.dia.es/medias/hb1/ha8/9272261869598.jpg"},{"title":"LA ASTURIANA alubias pintas cocidas frasco 400 gr","price":"1,15 €","pricePerUnit":"(2,88 €/Kg.)","imgUrl":"https://s1.dia.es/medias/hac/hf3/9272262197278.jpg"},{"title":"LA ASTURIANA judion cocido frasco 350GR","price":"1,80 €","pricePerUnit":"(5,14 €/Kg.)","imgUrl":"https://s2.dia.es/medias/hd8/hd1/9627473182750.jpg"},{"title":"LUENGO alubia cocida frasco 400 gr","price":"0,86 €","pricePerUnit":"(2,15 €/Kg.)","imgUrl":"https://s0.dia.es/medias/h0e/h8b/9615982821406.jpg"},{"title":"LUENGO alubia granja cocida frasco 400 gr","price":"1,25 €","pricePerUnit":"(3,13 €/Kg.)","imgUrl":"https://s3.dia.es/medias/h89/he7/9616115007518.jpg"},{"title":"LUENGO alubias con verduras cocidas frasco 400 gr","price":"1,25 €","pricePerUnit":"(3,13 €/Kg.)","imgUrl":"https://s0.dia.es/medias/h2d/h08/9616046850078.jpg"}]},"garbanzos-cocidos":{"categoryUrl":"/compra-online/productos/alimentacion/legumbres/garbanzos-cocidos/c/WEB.003.021.00162","products":[{"title":"DIA garbanzos cocidos extra frasco 400 gr","price":"0,65 €","pricePerUnit":"(1,63 €/Kg.)","imgUrl":"https://s1.dia.es/medias/h21/h8f/8821864628254.png"},{"title":"DIA garbanzos con verduras frasco 450 gr","price":"1,15 €","pricePerUnit":"(2,88 €/Kg.)","imgUrl":"https://s1.dia.es/medias/h19/h17/8823663689758.png"},{"title":"DIA VITAL garbanzos cocidos muy bajo contenido en sal frasco 400 gr","price":"0,59 €","pricePerUnit":"(1,47 €/Kg.)","imgUrl":"https://s0.dia.es/medias/h7e/h92/9115226112030.jpg"},{"title":"JA´E garbanzos cocidos lata 1 Kg","price":"1,63 €","pricePerUnit":"(1,63 €/Kg.)","imgUrl":"https://s1.dia.es/medias/h07/h96/9038995456030.jpg"},{"title":"LA ASTURIANA garbanzo cocido frasco 400GR","price":"1,09 €","pricePerUnit":"(2,73 €/Kg.)","imgUrl":"https://s3.dia.es/medias/he2/h47/9272256954398.jpg"},{"title":"LA ASTURIANA garbanzo cocido sin sal frasco 400 gr","price":"1,10 €","pricePerUnit":"(2,75 €/Kg.)","imgUrl":"https://s2.dia.es/medias/hed/h4a/9272256299038.jpg"},{"title":"LA ASTURIANA garbanzos cocidos frasco 210 ml","price":"0,62 €","pricePerUnit":"(2,10 €/Kg.)","imgUrl":"https://s1.dia.es/medias/h11/h53/9272255315998.jpg"},{"title":"LITORAL garbanzos con espinacas lata 425 gr","price":"1,58 €","pricePerUnit":"(3,72 €/Kg.)","imgUrl":"https://s0.dia.es/medias/h25/h6a/9586365497374.jpg"},{"title":"LUENGO garbanzos con verduras cocidas frasco 400 gr","price":"1,19 €","pricePerUnit":"(2,97 €/Kg.)","imgUrl":"https://s2.dia.es/medias/h72/hba/9616047505438.jpg"},{"title":"MARZO garbanzo cocido frasco 500 gr","price":"1,67 €","pricePerUnit":"(3,34 €/Kg.)","imgUrl":"https://s2.dia.es/medias/h1d/hac/8979698155550.jpg"}]},"lentejas-cocidas":{"categoryUrl":"/compra-online/productos/alimentacion/legumbres/lentejas-cocidas/c/WEB.003.021.00163","products":[{"title":"DIA lentejas pardinaS cocidas frasco 400GR","price":"0,65 €","pricePerUnit":"(1,63 €/Kg.)","imgUrl":"https://s1.dia.es/medias/hee/h2e/9670959890462.jpg"},{"title":"LUENGO lenteja cocida frasco 400 gr","price":"1,05 €","pricePerUnit":"(2,63 €/Kg.)","imgUrl":"https://s3.dia.es/medias/hbd/h10/9616028368926.jpg"}]}},"pastas":{"name":"Pastas","productTypes":["canelones-y-lasanas","espaguetis-y-tallarines","fideos-y-para-sopa","macarrones-y-pasta-corta","pasta-fresca"],"canelones-y-lasanas":{"categoryUrl":"/compra-online/productos/alimentacion/pastas/canelones-y-lasanas/c/WEB.003.022.00164","products":[{"title":"DIA placas al huevo para lasaña caja 250 gr","price":"0,98 €","pricePerUnit":"(3,92 €/Kg.)","imgUrl":"https://s1.dia.es/medias/h75/hf9/8894330077214.png"},{"title":"EL PAVO placas precocidas para canelones caja 125 gr","price":"1,39 €","pricePerUnit":"(11,12 €/Kg.)","imgUrl":"https://s2.dia.es/medias/h34/h9e/9037573455902.jpg"},{"title":"EL PAVO placas precocidas para canelones caja 125 gr","price":"0,76 €","pricePerUnit":"(6,08 €/Kg.)","imgUrl":"https://s3.dia.es/medias/h7a/hd6/9516768133150.jpg"},{"title":"EL PAVO placas precocidas para lasaña caja 200 gr","price":"1,55 €","pricePerUnit":"(7,75 €/Kg.)","imgUrl":"https://s2.dia.es/medias/h4f/hac/8884662272030.jpg"}]},"espaguetis-y-tallarines":{"categoryUrl":"/compra-online/productos/alimentacion/pastas/espaguetis-y-tallarines/c/WEB.003.022.00165","products":[{"title":"BARILLA spaghetti nº 5 paquete 500 gr","price":"1,30 €","pricePerUnit":"(2,60 €/Kg.)","imgUrl":"https://s3.dia.es/medias/h62/h1e/8879502000158.png"},{"title":"DIA DELICIOUS tagliatelle al huevo paquete 500 g","price":"0,98 €","pricePerUnit":"(1,96 €/Kg.)","imgUrl":"https://s1.dia.es/medias/hdd/h46/8823125737502.png"},{"title":"DIA DELICIOUS  spaguetti al nero di sepia paquete 250 g","price":"1,75 €","pricePerUnit":"(7,00 €/Kg.)","imgUrl":"https://s2.dia.es/medias/h02/ha8/8823872880670.png"},{"title":"DIA spaguetti paquete 1 kg","price":"0,77 €","pricePerUnit":"(0,77 €/Kg.)","imgUrl":"https://s3.dia.es/medias/h6c/hb3/9142059958302.jpg"},{"title":"DIA spaguetti paquete 500 gr","price":"0,49 €","pricePerUnit":"(0,98 €/Kg.)","imgUrl":"https://s0.dia.es/medias/hc0/hd1/9141955493918.jpg"},{"title":"DIA tallarin paquete 500 gr","price":"0,48 €","pricePerUnit":"(0,96 €/Kg.)","imgUrl":"https://s2.dia.es/medias/hab/h8f/9142061924382.jpg"},{"title":"GALLO Pastafina sphaguetti con tomate y espinacas paquete 400 gr","price":"1,34 €","pricePerUnit":"(3,35 €/Kg.)","imgUrl":"https://s2.dia.es/medias/h8f/he1/9603766059038.jpg"},{"title":"GALLO Pastalover spaguetti con salsa boloñesa bandeja 180 gr","price":"2,09 €","pricePerUnit":"(11,61 €/Kg.)","imgUrl":"https://s2.dia.es/medias/h7c/h5d/9576920645662.jpg"},{"title":"GALLO spaghetti nº 3 paquete 1 Kg","price":"1,68 €","pricePerUnit":"(1,68 €/Kg.)","imgUrl":"https://s1.dia.es/medias/h3d/h56/9629739253790.jpg"},{"title":"GALLO spaghetti SIN GLUTEN paquete 500 gr","price":"1,79 €","pricePerUnit":"(3,58 €/Kg.)","imgUrl":"https://s0.dia.es/medias/h67/h57/9603949854750.jpg"},{"title":"GALLO spaghettini al huevo paquete 500 gr","price":"1,52 €","pricePerUnit":"(3,04 €/Kg.)","imgUrl":"https://s0.dia.es/medias/h68/h83/9341326884894.jpg"},{"title":"GALLO spaguetti integral paquete 500 gr","price":"1,34 €","pricePerUnit":"(2,68 €/Kg.)","imgUrl":"https://s2.dia.es/medias/h81/h55/9668404838430.jpg"},{"title":"GALLO spaguetti nº 3 paquete 500 gr","price":"0,92 €","pricePerUnit":"(1,84 €/Kg.)","imgUrl":"https://s2.dia.es/medias/h1c/ha3/9629778739230.jpg"},{"title":"GALLO tallarin paquete 500 gr","price":"0,97 €","pricePerUnit":"(1,94 €/Kg.)","imgUrl":"https://s3.dia.es/medias/h16/h06/9603890348062.jpg"},{"title":"GAROFALO spaghettini paquete 500 gr","price":"1,49 €","pricePerUnit":"(2,98 €/Kg.)","imgUrl":"https://s2.dia.es/medias/h67/h02/9631915147294.jpg"},{"title":"GAROFALO tagliatelle nido paquete 500 gr","price":"2,59 €","pricePerUnit":"(5,18 €/Kg.)","imgUrl":"https://s2.dia.es/medias/heb/h4b/9631878512670.jpg"},{"title":"VALMASERA sphaghetti multisapori bio paquete 500 gr","price":"2,60 €","pricePerUnit":"(5,20 €/Kg.)","imgUrl":"https://s0.dia.es/medias/h35/h0d/9102898003998.jpg"},{"title":"VALMASERA tagliatelle pomodoro bio paquete 500 gr","price":"2,60 €","pricePerUnit":"(5,20 €/Kg.)","imgUrl":"https://s3.dia.es/medias/h48/h3a/9102877491230.jpg"}]},"fideos-y-para-sopa":{"categoryUrl":"/compra-online/productos/alimentacion/pastas/fideos-y-para-sopa/c/WEB.003.022.00166","products":[{"title":"CASINO BIO fideo coditos paquete 500 gr","price":"1,19 €","pricePerUnit":"(2,38 €/Kg.)","imgUrl":"https://s1.dia.es/medias/hce/h11/9327521333278.jpg"},{"title":"DIA conchas paquete 500 gr","price":"0,59 €","pricePerUnit":"(1,18 €/Kg.)","imgUrl":"https://s3.dia.es/medias/h87/hbf/8821837365278.png"},{"title":"DIA fideo cabellín paquete 500 gr","price":"0,42 €","pricePerUnit":"(0,84 €/Kg.)","imgUrl":"https://s1.dia.es/medias/h51/he0/9158826917918.jpg"},{"title":"DIA fideo entrefino paquete 500 gr","price":"0,65 €","pricePerUnit":"(1,30 €/Kg.)","imgUrl":"https://s3.dia.es/medias/h43/hd9/9142009102366.jpg"},{"title":"GALLO fideo 0 paquete 500 gr","price":"0,99 €","pricePerUnit":"(1,98 €/Kg.)","imgUrl":"https://s2.dia.es/medias/ha7/he3/9603768025118.jpg"},{"title":"GALLO fideo 4 paquete 500 gr","price":"0,97 €","pricePerUnit":"(1,94 €/Kg.)","imgUrl":"https://s2.dia.es/medias/hb3/hb9/9603792207902.jpg"},{"title":"GALLO fideo nº 0 paquete 1 Kg","price":"1,75 €","pricePerUnit":"(1,75 €/Kg.)","imgUrl":"https://s1.dia.es/medias/h31/h43/9603945267230.jpg"},{"title":"GALLO fideo Nº 1 paquete 500 gr","price":"0,96 €","pricePerUnit":"(1,92 €/Kg.)","imgUrl":"https://s3.dia.es/medias/hc6/haa/9603936747550.jpg"},{"title":"GALLO fideo nº2 bolsa 500 gr","price":"0,95 €","pricePerUnit":"(1,90 €/Kg.)","imgUrl":"https://s3.dia.es/medias/ha1/h34/9603950510110.jpg"},{"title":"GALLO fideos SIN GLUTEN paquete 500 gr","price":"1,79 €","pricePerUnit":"(3,58 €/Kg.)","imgUrl":"https://s2.dia.es/medias/h32/hc0/9603913023518.jpg"},{"title":"GALLO fideuá paquete 500 gr","price":"0,96 €","pricePerUnit":"(1,92 €/Kg.)","imgUrl":"https://s3.dia.es/medias/h1e/h1e/9603785424926.jpg"},{"title":"GALLO maravilla paquete 500 gr","price":"0,95 €","pricePerUnit":"(1,90 €/Kg.)","imgUrl":"https://s2.dia.es/medias/h98/h20/9603753312286.jpg"}]},"macarrones-y-pasta-corta":{"categoryUrl":"/compra-online/productos/alimentacion/pastas/macarrones-y-pasta-corta/c/WEB.003.022.00167","products":[{"title":"BARILLA pasta fusilli caja 500 gr","price":"1,35 €","pricePerUnit":"(2,70 €/Kg.)","imgUrl":"https://s0.dia.es/medias/hbb/he8/9114701266974.jpg"},{"title":"BARILLA pasta penne rigate caja 500 gr","price":"1,30 €","pricePerUnit":"(2,60 €/Kg.)","imgUrl":"https://s1.dia.es/medias/h50/h7e/9114720010270.jpg"},{"title":"BARILLA tortiglioni caja 500 gr","price":"1,35 €","pricePerUnit":"(2,70 €/Kg.)","imgUrl":"https://s0.dia.es/medias/ha0/h74/9311511445534.jpg"},{"title":"CASINO BIO pasta integral farfalle paquete 500 gr","price":"1,19 €","pricePerUnit":"(2,38 €/Kg.)","imgUrl":"https://s0.dia.es/medias/h6b/hdb/9327519694878.jpg"},{"title":"DIA caprici gigli colores paquete 400 gr","price":"1,18 €","pricePerUnit":"(2,95 €/Kg.)","imgUrl":"https://s1.dia.es/medias/hc0/hce/8824414175262.png"},{"title":"DIA DELICIOUS pasta fusilloni paquete 500 gr","price":"1,05 €","pricePerUnit":"(2,10 €/Kg.)","imgUrl":"https://s3.dia.es/medias/h4f/h99/8984063148062.jpg"},{"title":"DIA DELICIOUS tortiglioni paquete 500 gr","price":"1,12 €","pricePerUnit":"(2,24 €/Kg.)","imgUrl":"https://s2.dia.es/medias/h1f/hfa/8945502421022.png"},{"title":"DIA espirales tricolor paquete 500 gr","price":"0,74 €","pricePerUnit":"(1,48 €/Kg.)","imgUrl":"https://s0.dia.es/medias/h5a/hfd/9263089287198.jpg"},{"title":"DIA lazos tricolor PAQUETE 500GR","price":"0,69 €","pricePerUnit":"(1,38 €/Kg.)","imgUrl":"https://s2.dia.es/medias/h14/he2/9141956149278.jpg"},{"title":"DIA macarrones paquete 500 gr","price":"0,49 €","pricePerUnit":"(0,98 €/Kg.)","imgUrl":"https://s2.dia.es/medias/h76/h9f/9169847123998.jpg"},{"title":"DIA macarrón paquete 1 kg","price":"0,75 €","pricePerUnit":"(0,75 €/Kg.)","imgUrl":"https://s0.dia.es/medias/h81/hc2/9169859969054.jpg"},{"title":"DIA pasta infantil vegetal bolsa 500 gr","price":"0,89 €","pricePerUnit":"(1,78 €/Kg.)","imgUrl":"https://s1.dia.es/medias/h7c/h19/8980761673758.jpg"},{"title":"ECOCESTA macarrones integrales bio bolsa 500 gr","price":"2,00 €","pricePerUnit":"(4,00 €/Kg.)","imgUrl":"https://s1.dia.es/medias/hc4/hb0/9664478838814.jpg"},{"title":"GALLO amorelli al huevo paquete 500 gr","price":"1,52 €","pricePerUnit":"(3,04 €/Kg.)","imgUrl":"https://s2.dia.es/medias/hde/h72/9667538485278.jpg"},{"title":"GALLO hélices con tomate y espinacas paquete 500 gr","price":"1,29 €","pricePerUnit":"(2,58 €/Kg.)","imgUrl":"https://s1.dia.es/medias/h2e/h47/9603775692830.jpg"},{"title":"GALLO hélices paquete 500 gr","price":"0,93 €","pricePerUnit":"(1,86 €/Kg.)","imgUrl":"https://s0.dia.es/medias/hfc/h5a/9603847880734.jpg"},{"title":"GALLO maccheroni al huevo paquete 500 gr","price":"1,49 €","pricePerUnit":"(2,98 €/Kg.)","imgUrl":"https://s1.dia.es/medias/h1c/h8f/9667550019614.jpg"},{"title":"GALLO Pastafina pluma paquete 400 gr","price":"0,98 €","pricePerUnit":"(2,45 €/Kg.)","imgUrl":"https://s2.dia.es/medias/h94/h38/9603775037470.jpg"},{"title":"GALLO Pastalover hélices con salsa de tomate y atún bandeja 180 gr","price":"2,59 €","pricePerUnit":"(14,39 €/Kg.)","imgUrl":"https://s2.dia.es/medias/h3d/h07/9585137057822.jpg"},{"title":"GALLO Pastalover macarrones con salsa de tomate y chorizo bandeja 180 gr","price":"2,25 €","pricePerUnit":"(12,50 €/Kg.)","imgUrl":"https://s2.dia.es/medias/h60/h04/9585157701662.jpg"},{"title":"GALLO pluma nº6 paquete 500 gr","price":"0,92 €","pricePerUnit":"(1,84 €/Kg.)","imgUrl":"https://s2.dia.es/medias/h22/h5d/9629732044830.jpg"},{"title":"GALLO pluma SIN GLUTEN paquete 500 gr","price":"1,79 €","pricePerUnit":"(3,58 €/Kg.)","imgUrl":"https://s3.dia.es/medias/hb2/h4b/9603898212382.jpg"},{"title":"GALLO plumas con vegetales paquete 500 gr","price":"1,25 €","pricePerUnit":"(2,50 €/Kg.)","imgUrl":"https://s1.dia.es/medias/h85/hbf/9603794501662.jpg"},{"title":"GALLO plumas nº 6 paquete 1 Kg","price":"1,68 €","pricePerUnit":"(1,68 €/Kg.)","imgUrl":"https://s2.dia.es/medias/hb3/ha5/9629825695774.jpg"},{"title":"GALLO plumas rayadas integral paquete 500 gr","price":"1,39 €","pricePerUnit":"(2,78 €/Kg.)","imgUrl":"https://s3.dia.es/medias/hd9/h65/9668404510750.jpg"},{"title":"GALLO ñoquis bolitas de patata estuche 400 gr","price":"1,29 €","pricePerUnit":"(3,23 €/Kg.)","imgUrl":"https://s3.dia.es/medias/h5b/hfa/9603936419870.jpg"},{"title":"GAROFALO pasta elicoidale paquete 500 gr","price":"1,49 €","pricePerUnit":"(2,98 €/Kg.)","imgUrl":"https://s2.dia.es/medias/h3e/hbf/9631882444830.jpg"},{"title":"GAROFALO pasta lumaconi paquete 500 gr","price":"2,59 €","pricePerUnit":"(5,18 €/Kg.)","imgUrl":"https://s3.dia.es/medias/h44/h5f/9631918424094.jpg"},{"title":"GAROFALO radiatori paquete 500 gr","price":"1,49 €","pricePerUnit":"(2,98 €/Kg.)","imgUrl":"https://s3.dia.es/medias/h6c/h49/9631848038430.jpg"},{"title":"VALMASERA fusilli multisapori bio paquete 500 gr","price":"2,60 €","pricePerUnit":"(5,20 €/Kg.)","imgUrl":"https://s0.dia.es/medias/h4d/h4a/9102890074142.jpg"},{"title":"VALMASERA penne rigate bio paquete 500 gr","price":"2,30 €","pricePerUnit":"(4,60 €/Kg.)","imgUrl":"https://s3.dia.es/medias/h23/ha7/9102866415646.jpg"}]},"pasta-fresca":{"categoryUrl":"/compra-online/productos/alimentacion/pastas/pasta-fresca/c/WEB.003.022.00171","products":[{"title":"BUITONI ravioli 5 quesos bandeja 250 gr","price":"2,80 €","pricePerUnit":"(12,17 €/Kg.)","imgUrl":"https://s2.dia.es/medias/h60/h45/9673823453214.jpg"},{"title":"BUITONI ravioli carne al brasato bandeja 250 gr","price":"2,59 €","pricePerUnit":"(11,26 €/Kg.)","imgUrl":"https://s3.dia.es/medias/h47/h32/9673822142494.jpg"},{"title":"BUITONI tortelloni ricotta y espinacas bandeja 250 gr","price":"2,80 €","pricePerUnit":"(12,17 €/Kg.)","imgUrl":"https://s3.dia.es/medias/hf6/h94/9673823125534.jpg"},{"title":"BUITONI tortelloni setas del bosque bandeja 250 gr","price":"2,59 €","pricePerUnit":"(11,26 €/Kg.)","imgUrl":"https://s1.dia.es/medias/h2d/hb4/9673822797854.jpg"},{"title":"DIA DELICIOUS ravioli de carne braseada bandeja 250 gr","price":"1,85 €","pricePerUnit":"(7,40 €/Kg.)","imgUrl":"https://s0.dia.es/medias/h56/hc4/9633776631838.jpg"},{"title":"DIA DELICIOUS ravioli de tomate y mozzarella bandeja 250 gr","price":"1,85 €","pricePerUnit":"(7,40 €/Kg.)","imgUrl":"https://s1.dia.es/medias/he4/h17/9633773682718.jpg"},{"title":"DIA tallarines bandeja 250 gr","price":"0,97 €","pricePerUnit":"(3,88 €/Kg.)","imgUrl":"https://s3.dia.es/medias/hf8/h8b/8897575714846.png"},{"title":"GALLO gran tortelloni queso envase 200 gr","price":"1,34 €","pricePerUnit":"(6,70 €/Kg.)","imgUrl":"https://s0.dia.es/medias/h84/hae/9603793846302.jpg"},{"title":"GALLO tortelloni con carne envase 200 gr","price":"1,34 €","pricePerUnit":"(6,70 €/Kg.)","imgUrl":"https://s3.dia.es/medias/h6d/h4d/9603786080286.jpg"},{"title":"RANA Gourmet ravioli queso de cabra y cebolla caramelizada bandeja 250 gr","price":"3,49 €","pricePerUnit":"(13,96 €/Kg.)","imgUrl":"https://s1.dia.es/medias/h3e/h4e/9673821814814.jpg"},{"title":"RANA pasta fresca plagia e fieno laminada al bronce bolsa 250 gr","price":"1,99 €","pricePerUnit":"(7,96 €/Kg.)","imgUrl":"https://s0.dia.es/medias/h48/h43/9673821487134.jpg"},{"title":"RANA ravioli 4 quesos bandeja 250 gr","price":"2,99 €","pricePerUnit":"(11,96 €/Kg.)","imgUrl":"https://s0.dia.es/medias/ha6/h0c/9673819193374.jpg"},{"title":"RANA ravioli jamón y queso bandeja 250 gr","price":"2,89 €","pricePerUnit":"(11,56 €/Kg.)","imgUrl":"https://s3.dia.es/medias/hab/hb9/9673819848734.jpg"}]}},"patatas-fritas-aperitivos-y-frutos-secos":{"name":"Patatasfritas,aperitivosyfrutossecos","productTypes":["galletas-saladas","aperitivos","patatas-fritas","frutos-secos"],"galletas-saladas":{"categoryUrl":"/compra-online/productos/alimentacion/patatas-fritas-aperitivos-y-frutos-secos/galletas-saladas/c/WEB.003.023.00183","products":[{"title":"CASINO BIO galletas crackers con arándanos rojos y coco bolsa 200 gr","price":"2,25 €","pricePerUnit":"(11,25 €/Kg.)","imgUrl":"https://s1.dia.es/medias/h05/h60/9327499149342.jpg"},{"title":"CASINO BIO galletas crackers con pipas de girasol, lino y sesámo bolsa 200 gr","price":"2,25 €","pricePerUnit":"(11,25 €/Kg.)","imgUrl":"https://s1.dia.es/medias/h36/hdd/9327515107358.jpg"},{"title":"CASINO BIO galletas crackers con queso y pipas de calabaza bolsa 200 gr","price":"2,25 €","pricePerUnit":"(11,25 €/Kg.)","imgUrl":"https://s0.dia.es/medias/hf6/h65/9327490629662.jpg"},{"title":"DIA galleta salada aperitivos bote 350 grs","price":"0,99 €","pricePerUnit":"(2,83 €/Kg.)","imgUrl":"https://s0.dia.es/medias/hac/h2e/9610260381726.jpg"},{"title":"DIA galletas crackers saladas paquete 3x100 gr","price":"1,29 €","pricePerUnit":"(4,30 €/Kg.)","imgUrl":"https://s0.dia.es/medias/h3a/haa/9628194209822.jpg"},{"title":"GULLON galletas crackers SIN GLUTEN caja 200 gr","price":"2,00 €","pricePerUnit":"(10,00 €/Kg.)","imgUrl":"https://s3.dia.es/medias/h24/h1f/9675352932382.jpg"},{"title":"GULLÓN galletas saladas mini cracker bote 350 gr","price":"1,30 €","pricePerUnit":"(3,71 €/Kg.)","imgUrl":"https://s3.dia.es/medias/hae/h7a/9675418075166.jpg"},{"title":"LU TUC crackers paquete 100 grs","price":"0,89 €","pricePerUnit":"(8,90 €/Kg.)","imgUrl":"https://s3.dia.es/medias/hd2/h16/9575000277022.jpg"},{"title":"ULTIMA alimento para perros mini senior con buey bolsa 1.5 Kg","price":"5,55 €","pricePerUnit":"(3,70 €/Kg.)","imgUrl":"https://s3.dia.es/medias/h20/hf8/9509527060510.jpg"}]},"aperitivos":{"categoryUrl":"/compra-online/productos/alimentacion/patatas-fritas-aperitivos-y-frutos-secos/aperitivos/c/WEB.003.023.00190","products":[{"title":"ASPIL cocktail de aperitivo bolsa 250 gr","price":"1,41 €","pricePerUnit":"(5,64 €/Kg.)","imgUrl":"https://s3.dia.es/medias/hf4/hae/9640415690782.jpg"},{"title":"ASPIL mooskys bolsa 75GRS","price":"1,00 €","pricePerUnit":"(13,33 €/Kg.)","imgUrl":"https://s2.dia.es/medias/h01/he0/9640447344670.jpg"},{"title":"ASPIL snack de maíz puntazos bolsa 125 gr","price":"0,85 €","pricePerUnit":"(6,80 €/Kg.)","imgUrl":"https://s0.dia.es/medias/h24/h83/9640444067870.jpg"},{"title":"ASPIL snack maiz puntazos bolsa 48G","price":"0,44 €","pricePerUnit":"(9,17 €/Kg.)","imgUrl":"https://s1.dia.es/medias/h39/hc5/9640448655390.jpg"},{"title":"BORGES POPITAS palomitas micro p3 estuche 300GR","price":"2,29 €","pricePerUnit":"(7,63 €/Kg.)","imgUrl":"https://s2.dia.es/medias/h1b/h4c/9308584607774.jpg"},{"title":"BORGES POPITAS palomitas zero micro caja 3 uds","price":"2,39 €","pricePerUnit":"(11,38 €/Kg.)","imgUrl":"https://s0.dia.es/medias/h84/hfc/9308549087262.jpg"},{"title":"CHEETOS cheetos gustosines bolsa 30 gr","price":"0,40 €","pricePerUnit":"(13,33 €/Kg.)","imgUrl":"https://s1.dia.es/medias/h34/h1b/9681368547358.jpg"},{"title":"CHEETOS cheetos pelotazos bolsa 30GRS","price":"0,40 €","pricePerUnit":"(12,50 €/Kg.)","imgUrl":"https://s3.dia.es/medias/h8e/hd4/9681363992606.jpg"},{"title":"CHEETOS cheetos rizos bolsa 100 gr","price":"1,00 €","pricePerUnit":"(10,00 €/Kg.)","imgUrl":"https://s3.dia.es/medias/hcd/haf/9681358848030.jpg"},{"title":"CHEETOS gustosines bolsa 80 gr","price":"1,15 €","pricePerUnit":"(14,37 €/Kg.)","imgUrl":"https://s3.dia.es/medias/h89/hdc/9681414193182.jpg"},{"title":"CHEETOS pandilla bolsa 20 gr","price":"0,45 €","pricePerUnit":"(22,50 €/Kg.)","imgUrl":"https://s1.dia.es/medias/ha5/h0d/9681356554270.jpg"},{"title":"CHEETOS snack mega 4 mix de formas y sabores bolsa 180 gr","price":"1,75 €","pricePerUnit":"(9,72 €/Kg.)","imgUrl":"https://s0.dia.es/medias/hdc/h2b/9681371824158.jpg"},{"title":"DIA aperitivo tiras de maíz bolsa 130 gr","price":"0,48 €","pricePerUnit":"(3,69 €/Kg.)","imgUrl":"https://s2.dia.es/medias/ha2/hdf/9004952092702.jpg"},{"title":"DIA aros de maíz bolsa 100 gr","price":"0,85 €","pricePerUnit":"(8,50 €/Kg.)","imgUrl":"https://s1.dia.es/medias/h27/hb1/9037634863134.jpg"},{"title":"DIA conos de maíz sabor queso y bacon bolsa 85 gr","price":"0,46 €","pricePerUnit":"(5,41 €/Kg.)","imgUrl":"https://s0.dia.es/medias/h6f/h65/9004991610910.jpg"},{"title":"DIA cortezas de cerdo bolsa 150GR","price":"1,19 €","pricePerUnit":"(7,93 €/Kg.)","imgUrl":"https://s0.dia.es/medias/h46/hb1/8821983182878.png"},{"title":"DIA cortezas de trigo bolsa 90 GR","price":"0,71 €","pricePerUnit":"(7,89 €/Kg.)","imgUrl":"https://s1.dia.es/medias/he8/h30/9004984729630.jpg"},{"title":"DIA DELICIOUS chips de hortalizas bolsa 100 gr","price":"1,79 €","pricePerUnit":"(17,90 €/Kg.)","imgUrl":"https://s2.dia.es/medias/h9b/h0d/8974097645598.jpg"},{"title":"DIA dianitos bolsa 85 GR","price":"1,07 €","pricePerUnit":"(12,59 €/Kg.)","imgUrl":"https://s3.dia.es/medias/hec/hca/8823021862942.png"},{"title":"DIA nachos tex-mex bolsa 110 gr","price":"0,65 €","pricePerUnit":"(5,91 €/Kg.)","imgUrl":"https://s2.dia.es/medias/h40/h5d/8822537551902.png"},{"title":"DIA palitos de patata bolsa 100 gr","price":"0,75 €","pricePerUnit":"(7,50 €/Kg.)","imgUrl":"https://s3.dia.es/medias/h56/h4b/9640388362270.jpg"},{"title":"DIA palomitas dulces caja 300 gr","price":"1,64 €","pricePerUnit":"(5,47 €/Kg.)","imgUrl":"https://s1.dia.es/medias/h15/hb7/8979755434014.jpg"},{"title":"DIA palomitas sabor mantequilla bolsa 90 gr","price":"0,75 €","pricePerUnit":"(8,33 €/Kg.)","imgUrl":"https://s3.dia.es/medias/haf/h77/9647226519582.jpg"},{"title":"DIA palomitas sabor mantequilla caja 300 gr","price":"1,24 €","pricePerUnit":"(4,13 €/Kg.)","imgUrl":"https://s1.dia.es/medias/h77/he1/8985044484126.jpg"},{"title":"DIA palomitas sal microondas caja 300 gr","price":"0,69 €","pricePerUnit":"(2,30 €/Kg.)","imgUrl":"https://s0.dia.es/medias/ha1/hdf/8985064603678.jpg"},{"title":"DIA palomitas sal pack-6 caja 600GR","price":"1,25 €","pricePerUnit":"(2,08 €/Kg.)","imgUrl":"https://s2.dia.es/medias/h35/h31/8956791423006.png"},{"title":"DIA snack cocktail bolsa 250 gr","price":"1,49 €","pricePerUnit":"(5,96 €/Kg.)","imgUrl":"https://s2.dia.es/medias/hdd/h4f/8822214590494.png"},{"title":"DIA snack fantasmas ketchup bolsa 65 gr","price":"0,77 €","pricePerUnit":"(11,85 €/Kg.)","imgUrl":"https://s2.dia.es/medias/hd5/he4/8822257057822.png"},{"title":"DIA snack patatas sour cream & onion tubo 150 gr","price":"1,20 €","pricePerUnit":"(8,00 €/Kg.)","imgUrl":"https://s0.dia.es/medias/h7f/h27/9005000523806.jpg"},{"title":"DIA torreznos bolsa 120 gr","price":"1,39 €","pricePerUnit":"(11,58 €/Kg.)","imgUrl":"https://s1.dia.es/medias/hb2/h55/9169845157918.jpg"},{"title":"DORITOS bits bolsa 33 gr","price":"0,40 €","pricePerUnit":"(12,12 €/Kg.)","imgUrl":"https://s0.dia.es/medias/h1d/hb8/9681375821854.jpg"},{"title":"DORITOS chili bolsa 150 gr","price":"1,45 €","pricePerUnit":"(9,67 €/Kg.)","imgUrl":"https://s2.dia.es/medias/hc8/hc0/9681415176222.jpg"},{"title":"Doritos snack dippas original bolsa 200 gr","price":"1,83 €","pricePerUnit":"(9,15 €/Kg.)","imgUrl":"https://s0.dia.es/medias/hc7/ha7/9681340301342.jpg"},{"title":"DORITOS tex-mex bolsa 150 gr","price":"1,30 €","pricePerUnit":"(8,67 €/Kg.)","imgUrl":"https://s1.dia.es/medias/h0b/h28/9158798016542.jpg"},{"title":"DORITOS tex-mex bolsa 280 gr","price":"2,40 €","pricePerUnit":"(8,57 €/Kg.)","imgUrl":"https://s0.dia.es/medias/hd6/hfe/9681377132574.jpg"},{"title":"DORITOS tex-mex bolsa 40 gr","price":"0,50 €","pricePerUnit":"(12,50 €/Kg.)","imgUrl":"https://s3.dia.es/medias/h40/hbc/9681364320286.jpg"},{"title":"ECOCESTA chips de garbanzos bio bolsa 80 gr","price":"2,45 €","pricePerUnit":"(30,63 €/Kg.)","imgUrl":"https://s3.dia.es/medias/hef/h44/9664630030366.jpg"},{"title":"ECOCESTA nachos de maíz naturales bio bolsa 125 gr","price":"2,30 €","pricePerUnit":"(18,40 €/Kg.)","imgUrl":"https://s2.dia.es/medias/h73/hf1/9664628391966.jpg"},{"title":"FACUNDO chaskys barbacoa bolsa 100 gr","price":"1,09 €","pricePerUnit":"(10,90 €/Kg.)","imgUrl":"https://s3.dia.es/medias/h94/he4/9629862592542.jpg"},{"title":"FACUNDO snack de maíz chaskis sabor natural bolsa 100 gr","price":"1,09 €","pricePerUnit":"(10,90 €/Kg.)","imgUrl":"https://s1.dia.es/medias/h88/he6/9629887496222.jpg"},{"title":"FRIT RAVICH pipas de calabaza peladas bolsa 125 gr","price":"1,95 €","pricePerUnit":"(15,60 €/Kg.)","imgUrl":"https://s3.dia.es/medias/ha2/h6f/9400090460190.jpg"},{"title":"GREFUSA Gublins sabor barbacoa bolsa 120 g","price":"1,15 €","pricePerUnit":"(9,58 €/Kg.)","imgUrl":"https://s0.dia.es/medias/h09/h0e/9675343888414.jpg"},{"title":"GREFUSA papa delta original bolsa 65 gr","price":"1,15 €","pricePerUnit":"(17,69 €/Kg.)","imgUrl":"https://s1.dia.es/medias/h16/haa/9124738564126.jpg"},{"title":"GREFUSA Snatt`s natuchips limón y tomillo bolsa 85 gr","price":"1,39 €","pricePerUnit":"(16,35 €/Kg.)","imgUrl":"https://s1.dia.es/medias/h84/h3a/9675365318686.jpg"},{"title":"GREFUSA Snatt`s natuchips tomate, queso y orégano bolsa 85 gr","price":"1,17 €","pricePerUnit":"(13,76 €/Kg.)","imgUrl":"https://s0.dia.es/medias/hf4/h60/9124723818526.jpg"},{"title":"GREFUSA Snatt`s snack guisante con queso y eneldo bolsa 95 gr","price":"1,39 €","pricePerUnit":"(14,63 €/Kg.)","imgUrl":"https://s1.dia.es/medias/h9f/h06/9124732338206.jpg"},{"title":"GREFUSA Snatt`s snack hummus con albahaca y perejil bolsa 115 gr","price":"1,39 €","pricePerUnit":"(12,09 €/Kg.)","imgUrl":"https://s0.dia.es/medias/hfb/hc1/9124732010526.jpg"},{"title":"JUMPERS aperitivo conchitas con sabor a ketchup bolsa 100 gr","price":"1,12 €","pricePerUnit":"(11,20 €/Kg.)","imgUrl":"https://s3.dia.es/medias/hb0/h08/8879525068830.png"},{"title":"JUMPERS aperitivo de maíz con sabor a mantequilla bolsa 100 gr","price":"1,08 €","pricePerUnit":"(10,80 €/Kg.)","imgUrl":"https://s1.dia.es/medias/hf6/h7b/9640362541086.jpg"},{"title":"JUMPERS aperitivo el estrellón bolsa 75 gr","price":"1,12 €","pricePerUnit":"(14,93 €/Kg.)","imgUrl":"https://s2.dia.es/medias/he3/hb4/8877188022302.png"},{"title":"LA COSTEÑA nachos chips bolsa 200 gr","price":"1,79 €","pricePerUnit":"(8,95 €/Kg.)","imgUrl":"https://s2.dia.es/medias/h62/h8c/9677920206878.jpg"},{"title":"LAY'S conos de maíz 3D bolsa 100 gr","price":"1,40 €","pricePerUnit":"(14,00 €/Kg.)","imgUrl":"https://s0.dia.es/medias/he9/h16/9681353867294.jpg"},{"title":"LAY'S snack de patatas poppables bolsa 90 gr","price":"1,50 €","pricePerUnit":"(16,67 €/Kg.)","imgUrl":"https://s1.dia.es/medias/h75/h29/9681373790238.jpg"},{"title":"MATUTANO bocabits bolsa 84GRS","price":"1,25 €","pricePerUnit":"(14,88 €/Kg.)","imgUrl":"https://s2.dia.es/medias/hcb/h7b/9681369530398.jpg"},{"title":"MATUTANO bugles 3ds bolsa 20GRS","price":"0,40 €","pricePerUnit":"(18,18 €/Kg.)","imgUrl":"https://s1.dia.es/medias/he4/hfa/9681357864990.jpg"},{"title":"MATUTANO cheetos pelotazos bolsa 130GR","price":"1,11 €","pricePerUnit":"(8,54 €/Kg.)","imgUrl":"https://s3.dia.es/medias/hcc/h9e/9681359503390.jpg"},{"title":"MATUTANO drakis pandilla bolsa 75GRS","price":"1,10 €","pricePerUnit":"(14,67 €/Kg.)","imgUrl":"https://s3.dia.es/medias/h39/hc9/9681360158750.jpg"},{"title":"MATUTANO fritos barbacoa bolsa 156GR","price":"1,25 €","pricePerUnit":"(8,01 €/Kg.)","imgUrl":"https://s1.dia.es/medias/had/h3e/9681340956702.jpg"},{"title":"MATUTANO fritos barbacoa bolsa 38GRS","price":"0,40 €","pricePerUnit":"(10,53 €/Kg.)","imgUrl":"https://s1.dia.es/medias/h28/had/9681375494174.jpg"},{"title":"MIOS chips de maíz con espinacas y pimienta rosa bolsa 180 gr","price":"1,40 €","pricePerUnit":"(7,78 €/Kg.)","imgUrl":"https://s0.dia.es/medias/h29/h50/9399729553438.jpg"},{"title":"MIOS chips de maíz y chía con sal marina bolsa 150 gr","price":"1,40 €","pricePerUnit":"(9,33 €/Kg.)","imgUrl":"https://s2.dia.es/medias/h2b/h98/9324987187230.jpg"},{"title":"OLD EL PASO nachips bolsa 200 gr","price":"2,45 €","pricePerUnit":"(12,25 €/Kg.)","imgUrl":"https://s0.dia.es/medias/h7a/hc7/8971718098974.jpg"},{"title":"RISI aperitivo match ball cheese bolsa 90 gr","price":"0,99 €","pricePerUnit":"(11,00 €/Kg.)","imgUrl":"https://s1.dia.es/medias/h61/hf3/9493208956958.jpg"},{"title":"RISI gusanitos bolsa 85GRS","price":"0,99 €","pricePerUnit":"(11,65 €/Kg.)","imgUrl":"https://s3.dia.es/medias/hcc/h01/9506603663390.jpg"},{"title":"RISI palomitas mantequilla bolsa 90 GR","price":"0,94 €","pricePerUnit":"(10,44 €/Kg.)","imgUrl":"https://s3.dia.es/medias/hf9/hcc/9644387926046.jpg"},{"title":"RISI palomitas sabor ketchup y mostaza bolsa 90 gr","price":"0,94 €","pricePerUnit":"(10,44 €/Kg.)","imgUrl":"https://s3.dia.es/medias/hea/h29/9644399722526.jpg"},{"title":"RISI risketos bolsa 120 gr","price":"0,94 €","pricePerUnit":"(7,83 €/Kg.)","imgUrl":"https://s0.dia.es/medias/h59/h16/9644382126110.jpg"},{"title":"RISI triskys bolsa 115GR","price":"0,94 €","pricePerUnit":"(8,17 €/Kg.)","imgUrl":"https://s2.dia.es/medias/ha4/hfd/9506628042782.jpg"},{"title":"RUFFLES snack mixups favoritos bolsa 180 gr","price":"1,83 €","pricePerUnit":"(10,17 €/Kg.)","imgUrl":"https://s0.dia.es/medias/hc2/h41/9681354522654.jpg"},{"title":"S.COM palomitas pop up p2 caja 200GR","price":"1,40 €","pricePerUnit":"(7,00 €/Kg.)","imgUrl":"https://s1.dia.es/medias/h4f/h4d/9179980890142.jpg"},{"title":"SUNBITES snack multicereal con sabor a cheddar bolsa 95 gr","price":"1,45 €","pricePerUnit":"(15,26 €/Kg.)","imgUrl":"https://s3.dia.es/medias/h92/h93/9681363009566.jpg"},{"title":"SUNBITES snack multicereales al toque de sal marina bolsa 95 gr","price":"1,45 €","pricePerUnit":"(15,26 €/Kg.)","imgUrl":"https://s3.dia.es/medias/hbe/hfc/9681375166494.jpg"},{"title":"TOSFRIT apetinas ketchup bolsa 90GRS","price":"1,00 €","pricePerUnit":"(11,11 €/Kg.)","imgUrl":"https://s3.dia.es/medias/hd3/h81/9613906116638.jpg"},{"title":"TOSFRIT cornetes de maíz sabor queso bolsa 45 gr","price":"0,55 €","pricePerUnit":"(12,22 €/Kg.)","imgUrl":"https://s0.dia.es/medias/h8d/h96/9160247771166.jpg"},{"title":"TOSFRIT kaskys bolsa 50 gr","price":"0,52 €","pricePerUnit":"(10,40 €/Kg.)","imgUrl":"https://s3.dia.es/medias/hac/h0d/9160237875230.jpg"},{"title":"TOSFRIT surtido de snacks picoteo bolsa 50 gr","price":"0,52 €","pricePerUnit":"(10,40 €/Kg.)","imgUrl":"https://s3.dia.es/medias/h49/h31/9160266711070.jpg"}]},"patatas-fritas":{"categoryUrl":"/compra-online/productos/alimentacion/patatas-fritas-aperitivos-y-frutos-secos/patatas-fritas/c/WEB.003.023.00189","products":[{"title":"DIA DELICIOUS patatas fritas con aceite de oliva bolsa 150 gr","price":"0,99 €","pricePerUnit":"(6,60 €/Kg.)","imgUrl":"https://s0.dia.es/medias/h81/hb4/8823901716510.png"},{"title":"DIA patatas fritas artesanas bolsa 2 x 150 gr","price":"1,25 €","pricePerUnit":"(4,17 €/Kg.)","imgUrl":"https://s0.dia.es/medias/h11/hde/9355259150366.jpg"},{"title":"DIA patatas fritas campesina bolsa 150GR","price":"0,85 €","pricePerUnit":"(5,67 €/Kg.)","imgUrl":"https://s3.dia.es/medias/h16/h2f/9382709821470.jpg"},{"title":"DIA patatas fritas light bolsa 140GR","price":"0,88 €","pricePerUnit":"(6,29 €/Kg.)","imgUrl":"https://s1.dia.es/medias/h0e/h3f/8994008170526.jpg"},{"title":"DIA patatas fritas lisas bolsa 200GR","price":"0,69 €","pricePerUnit":"(3,45 €/Kg.)","imgUrl":"https://s2.dia.es/medias/he8/h3e/8822334128158.png"},{"title":"DIA patatas fritas onduladas bolsa 150GR","price":"0,48 €","pricePerUnit":"(3,20 €/Kg.)","imgUrl":"https://s1.dia.es/medias/h9b/h74/8993899380766.jpg"},{"title":"DIA patatas fritas onduladas jamon bolsa 150 gr","price":"0,79 €","pricePerUnit":"(5,27 €/Kg.)","imgUrl":"https://s2.dia.es/medias/he1/heb/9364598390814.jpg"},{"title":"DIA patatas fritas paja bolsa 100 gr","price":"0,78 €","pricePerUnit":"(7,80 €/Kg.)","imgUrl":"https://s0.dia.es/medias/hf6/h13/8883801489438.png"},{"title":"DIA patatas fritas queso mediterráneo bolsa 150 gr","price":"0,84 €","pricePerUnit":"(5,60 €/Kg.)","imgUrl":"https://s2.dia.es/medias/h3b/h05/9354608541726.jpg"},{"title":"DIA patatas fritas sabor huevo frito bolsa 130 gr","price":"0,89 €","pricePerUnit":"(6,85 €/Kg.)","imgUrl":"https://s2.dia.es/medias/h08/ha3/9615946776606.jpg"},{"title":"DIA patatas fritas sabor vinagreta bolsa 150 gr","price":"0,85 €","pricePerUnit":"(5,67 €/Kg.)","imgUrl":"https://s3.dia.es/medias/h85/hb1/8980751974430.jpg"},{"title":"DIA snack patata tubo 150 gr","price":"1,20 €","pricePerUnit":"(8,00 €/Kg.)","imgUrl":"https://s1.dia.es/medias/h60/hbe/8823943135262.png"},{"title":"FRIT RAVICH patatas fritas caseras con aceite de oliva bolsa 150 gr","price":"1,68 €","pricePerUnit":"(11,20 €/Kg.)","imgUrl":"https://s3.dia.es/medias/h1b/hca/9136174432286.jpg"},{"title":"LAY'S patatas al punto de sal bolsa 170GR","price":"1,20 €","pricePerUnit":"(7,06 €/Kg.)","imgUrl":"https://s2.dia.es/medias/h7e/he7/9681414520862.jpg"},{"title":"LAY'S patatas fritas al punto de sal bolsa 300 gr","price":"1,85 €","pricePerUnit":"(6,17 €/Kg.)","imgUrl":"https://s3.dia.es/medias/h73/hfd/9681341612062.jpg"},{"title":"LAY'S patatas fritas campesina bolsa 170GR","price":"1,35 €","pricePerUnit":"(7,94 €/Kg.)","imgUrl":"https://s2.dia.es/medias/h62/h25/9681364647966.jpg"},{"title":"LAY'S patatas fritas campesina bolsa 250 gr","price":"2,05 €","pricePerUnit":"(8,20 €/Kg.)","imgUrl":"https://s0.dia.es/medias/h57/h62/9681420156958.jpg"},{"title":"LAY'S patatas fritas extra sal bolsa 147 gr","price":"0,99 €","pricePerUnit":"(6,73 €/Kg.)","imgUrl":"https://s0.dia.es/medias/h66/he5/9681412554782.jpg"},{"title":"LAY'S patatas fritas gourmet bolsa 180 gr","price":"2,15 €","pricePerUnit":"(11,94 €/Kg.)","imgUrl":"https://s3.dia.es/medias/h35/h9d/9681338007582.jpg"},{"title":"LAY'S patatas fritas gourmet corte fino bolsa 180 gr","price":"2,10 €","pricePerUnit":"(11,67 €/Kg.)","imgUrl":"https://s3.dia.es/medias/hd0/h95/9681412882462.jpg"},{"title":"LAY'S patatas fritas light bolsa 170 gr","price":"1,75 €","pricePerUnit":"(10,29 €/Kg.)","imgUrl":"https://s0.dia.es/medias/h71/h19/9158798671902.jpg"},{"title":"LAY'S patatas fritas mediterráneas clásicas bolsa 160 gr","price":"1,65 €","pricePerUnit":"(10,31 €/Kg.)","imgUrl":"https://s0.dia.es/medias/h27/he3/9397029470238.jpg"},{"title":"LAY'S patatas fritas vinagreta bolsa 170GR","price":"1,40 €","pricePerUnit":"(8,24 €/Kg.)","imgUrl":"https://s1.dia.es/medias/h93/ha0/9681376149534.jpg"},{"title":"PRINGLES patatas fritas original tubo 165 gr","price":"1,82 €","pricePerUnit":"(11,03 €/Kg.)","imgUrl":"https://s0.dia.es/medias/hbf/hf1/9672871739422.jpg"},{"title":"PRINGLES patatas fritas original tubo 70 gr","price":"1,00 €","pricePerUnit":"(14,29 €/Kg.)","imgUrl":"https://s0.dia.es/medias/h08/h18/9658929217566.jpg"},{"title":"PRINGLES patatas fritas sour cream & onion tubo 165 gr","price":"1,82 €","pricePerUnit":"(11,03 €/Kg.)","imgUrl":"https://s1.dia.es/medias/h07/hcc/9672872394782.jpg"},{"title":"RUFFLES patatas fritas onduladas jamón bolsa 170GR","price":"1,35 €","pricePerUnit":"(7,94 €/Kg.)","imgUrl":"https://s3.dia.es/medias/h87/h9d/9681376804894.jpg"},{"title":"RUFFLES patatas fritas onduladas jamón bolsa 31 gr","price":"0,50 €","pricePerUnit":"(16,13 €/Kg.)","imgUrl":"https://s2.dia.es/medias/hc2/h47/9681416486942.jpg"},{"title":"RUFFLES patatas fritas onduladas original bolsa 170GR","price":"1,15 €","pricePerUnit":"(6,76 €/Kg.)","imgUrl":"https://s2.dia.es/medias/h99/heb/9681334992926.jpg"},{"title":"RUFFLES patatas fritas onduladas york'eso bolsa 170 gr","price":"1,40 €","pricePerUnit":"(8,24 €/Kg.)","imgUrl":"https://s2.dia.es/medias/ha1/h86/9681370513438.jpg"},{"title":"RUFFLES patatas fritas sabor a jamón onduladas bolsa 312 gr","price":"2,00 €","pricePerUnit":"(6,41 €/Kg.)","imgUrl":"https://s2.dia.es/medias/hea/hea/9681347248158.jpg"},{"title":"SANTA ANA patatas fritas cartucho bolsa 270GR","price":"1,70 €","pricePerUnit":"(6,30 €/Kg.)","imgUrl":"https://s3.dia.es/medias/h40/haf/9681377460254.jpg"},{"title":"SANTA ANA patatas fritas santa ana bolsa 190 gr","price":"1,15 €","pricePerUnit":"(6,05 €/Kg.)","imgUrl":"https://s3.dia.es/medias/he9/h38/9552658989086.jpg"},{"title":"TRIO patatas fritas bolsa 180 gr","price":"1,38 €","pricePerUnit":"(7,67 €/Kg.)","imgUrl":"https://s2.dia.es/medias/h04/h3a/8879418998814.png"},{"title":"VICENTE VIDAL patatas fritas artesanas fritas en sartén bolsa 200 gr","price":"1,47 €","pricePerUnit":"(7,35 €/Kg.)","imgUrl":"https://s0.dia.es/medias/hdb/h90/9640429256734.jpg"},{"title":"VICENTE VIDAL patatas fritas burger extra crujientes bolsa 95 gr","price":"1,05 €","pricePerUnit":"(11,05 €/Kg.)","imgUrl":"https://s3.dia.es/medias/hf3/he3/9640439152670.jpg"},{"title":"VICENTE VIDAL patatas fritas gran selección bolsa 165GR","price":"1,65 €","pricePerUnit":"(10,00 €/Kg.)","imgUrl":"https://s0.dia.es/medias/h1b/hb5/9640380497950.jpg"},{"title":"VICENTE VIDAL patatas fritas light bolsa 125GR","price":"1,46 €","pricePerUnit":"(11,68 €/Kg.)","imgUrl":"https://s1.dia.es/medias/h8a/h62/9640449638430.jpg"},{"title":"VICENTE VIDAL patatas fritas onduladas rústicas bolsa 210GR","price":"1,40 €","pricePerUnit":"(6,67 €/Kg.)","imgUrl":"https://s2.dia.es/medias/ha5/hc3/9640424996894.jpg"}]},"frutos-secos":{"categoryUrl":"/compra-online/productos/alimentacion/patatas-fritas-aperitivos-y-frutos-secos/frutos-secos/c/WEB.003.023.00191","products":[{"title":"Almendra pelada frita tarrina 200 gr","price":"2,89 €","pricePerUnit":"(14,45 €/Kg.)","imgUrl":"https://s3.dia.es/medias/h18/h09/8955022770206.png"},{"title":"Almendra tostada bandeja 200 gr","price":"2,89 €","pricePerUnit":"(14,45 €/Kg.)","imgUrl":"https://s2.dia.es/medias/h8d/hea/8834315976734.png"},{"title":"Anacardos fritos tarrina 175 gr","price":"3,45 €","pricePerUnit":"(19,71 €/Kg.)","imgUrl":"https://s2.dia.es/medias/hc7/h6b/8954928070686.png"},{"title":"Avellanas tostadas tarrina 200 gr","price":"2,99 €","pricePerUnit":"(14,95 €/Kg.)","imgUrl":"https://s0.dia.es/medias/h48/h6d/8954940850206.png"},{"title":"BORGE pipas aguasal bolsa 500GR","price":"2,55 €","pricePerUnit":"(5,10 €/Kg.)","imgUrl":"https://s0.dia.es/medias/h86/h07/9550824177694.jpg"},{"title":"BORGES cacahuetes fritos y salados bolsa 200 gr","price":"1,80 €","pricePerUnit":"(9,00 €/Kg.)","imgUrl":"https://s2.dia.es/medias/h2d/ha1/9552746053662.jpg"},{"title":"BORGES cocktail frutos secos bolsa 100 gr","price":"3,25 €","pricePerUnit":"(32,50 €/Kg.)","imgUrl":"https://s2.dia.es/medias/h4e/h6b/9307170603038.jpg"},{"title":"BORGES cocktail frutos secos rojos bolsa 120 gr","price":"3,25 €","pricePerUnit":"(28,26 €/Kg.)","imgUrl":"https://s2.dia.es/medias/h31/h08/9307155464222.jpg"},{"title":"BORGES cocktail natural de frutos secos bolsa 130 gr","price":"2,99 €","pricePerUnit":"(23,00 €/Kg.)","imgUrl":"https://s3.dia.es/medias/h6e/h45/9307173224478.jpg"},{"title":"BORGES frutos secos mix equilibrio bolsa 130 gr","price":"2,99 €","pricePerUnit":"(23,00 €/Kg.)","imgUrl":"https://s0.dia.es/medias/h64/h47/9307155136542.jpg"},{"title":"BORGES nuez de california pelada bolsa 130 gr","price":"3,29 €","pricePerUnit":"(25,31 €/Kg.)","imgUrl":"https://s3.dia.es/medias/hb0/h3d/9552689856542.jpg"},{"title":"BORGES Pizarro almendras marcona bolsa 200 gr","price":"5,25 €","pricePerUnit":"(32,81 €/Kg.)","imgUrl":"https://s2.dia.es/medias/h69/h51/9604772691998.jpg"},{"title":"BORGES Pizarro avellanas de reus bolsa 140 gr","price":"4,25 €","pricePerUnit":"(30,36 €/Kg.)","imgUrl":"https://s2.dia.es/medias/hc8/h46/9604775968798.jpg"},{"title":"BORGES Pizarro pistachos tostados y salados bolsa 160 gr","price":"5,25 €","pricePerUnit":"(40,38 €/Kg.)","imgUrl":"https://s3.dia.es/medias/h85/h73/9307174862878.jpg"},{"title":"Cacahuete pelado frito tarrina 200 gr","price":"1,25 €","pricePerUnit":"(6,25 €/Kg.)","imgUrl":"https://s3.dia.es/medias/h25/h70/8955058159646.png"},{"title":"DIA almendras fritas con sal bolsa 200 gr","price":"2,84 €","pricePerUnit":"(14,20 €/Kg.)","imgUrl":"https://s1.dia.es/medias/he4/h6e/8993891385374.jpg"},{"title":"DIA almendras tostadas y saladas bolsa 200 gr","price":"2,85 €","pricePerUnit":"(14,25 €/Kg.)","imgUrl":"https://s2.dia.es/medias/hbd/h1e/9039609397278.jpg"},{"title":"DIA anacardo frito con miel bolsa 125 gr","price":"1,99 €","pricePerUnit":"(15,92 €/Kg.)","imgUrl":"https://s1.dia.es/medias/h02/h66/9052542337054.jpg"},{"title":"DIA anacardos bolsa 125G.","price":"1,38 €","pricePerUnit":"(11,04 €/Kg.)","imgUrl":"https://s0.dia.es/medias/h20/hff/9615948415006.jpg"},{"title":"DIA arandanos rojos deshidratados bolsa 125 gr","price":"1,25 €","pricePerUnit":"(10,00 €/Kg.)","imgUrl":"https://s0.dia.es/medias/h24/h9e/8958557487134.png"},{"title":"DIA avellanas tostadas bolsa 200 gr","price":"2,99 €","pricePerUnit":"(14,95 €/Kg.)","imgUrl":"https://s1.dia.es/medias/h5e/ha9/8899401941022.png"},{"title":"DIA cacahuete cascara bolsa 400G","price":"1,31 €","pricePerUnit":"(3,28 €/Kg.)","imgUrl":"https://s2.dia.es/medias/hba/hcc/8823186030622.png"},{"title":"DIA cacahuete frito salado bolsa 250 gr","price":"1,02 €","pricePerUnit":"(4,08 €/Kg.)","imgUrl":"https://s1.dia.es/medias/he5/hff/9615943499806.jpg"},{"title":"DIA cacahuetes c/miel bolsa 125G.","price":"1,06 €","pricePerUnit":"(8,48 €/Kg.)","imgUrl":"https://s3.dia.es/medias/h0c/h8d/8954948780062.png"},{"title":"DIA cacahuetes con cáscara salados bolsa 400 gr","price":"1,31 €","pricePerUnit":"(3,28 €/Kg.)","imgUrl":"https://s0.dia.es/medias/he7/hca/8993988837406.jpg"},{"title":"DIA cocktail frutos seco bolsa 500 gr","price":"1,93 €","pricePerUnit":"(3,86 €/Kg.)","imgUrl":"https://s3.dia.es/medias/h52/hf9/8823643242526.png"},{"title":"DIA cocktail frutos secos bolsa 500 gr","price":"1,95 €","pricePerUnit":"(3,90 €/Kg.)","imgUrl":"https://s1.dia.es/medias/h06/h69/9615943172126.jpg"},{"title":"DIA cocktail frutos secos mix ensalada bote 150 gr","price":"2,60 €","pricePerUnit":"(17,33 €/Kg.)","imgUrl":"https://s0.dia.es/medias/h55/h93/8993911046174.jpg"},{"title":"DIA cocktail frutos secos mix fun bolsa 200 gr","price":"0,99 €","pricePerUnit":"(4,95 €/Kg.)","imgUrl":"https://s0.dia.es/medias/he2/h93/8994000961566.jpg"},{"title":"DIA DELICIOUS almendra marcona bolsa 100 gr","price":"1,90 €","pricePerUnit":"(19,00 €/Kg.)","imgUrl":"https://s0.dia.es/medias/hcf/h82/9198698790942.jpg"},{"title":"DIA DELICIOUS cocktail frutos secos bolsa 180 gr","price":"2,59 €","pricePerUnit":"(14,39 €/Kg.)","imgUrl":"https://s3.dia.es/medias/hbd/h92/8957769973790.png"},{"title":"DIA maiz tostado gigante bolsa 200GR","price":"1,25 €","pricePerUnit":"(6,25 €/Kg.)","imgUrl":"https://s1.dia.es/medias/hf6/ha4/9615943827486.jpg"},{"title":"DIA nueces california bolsa 650 gr","price":"4,25 €","pricePerUnit":"(6,54 €/Kg.)","imgUrl":"https://s3.dia.es/medias/h46/h42/8956490612766.png"},{"title":"DIA nuez mondada bolsa 200 gr","price":"2,89 €","pricePerUnit":"(14,45 €/Kg.)","imgUrl":"https://s0.dia.es/medias/hbd/hde/8903195525150.png"},{"title":"DIA pasas sultanas bolsa 200 gr","price":"1,49 €","pricePerUnit":"(7,45 €/Kg.)","imgUrl":"https://s3.dia.es/medias/h39/hce/8985059164190.jpg"},{"title":"DIA pipas de calabaza bolsa 200 gr","price":"1,60 €","pricePerUnit":"(8,00 €/Kg.)","imgUrl":"https://s1.dia.es/medias/h26/h3b/8958741708830.png"},{"title":"DIA pipas gigantes aguasal bolsa 200 gr","price":"1,00 €","pricePerUnit":"(5,00 €/Kg.)","imgUrl":"https://s2.dia.es/medias/h76/h8b/9565848338462.jpg"},{"title":"DIA pipas gigantes con sal bolsa 200 gr","price":"0,89 €","pricePerUnit":"(4,45 €/Kg.)","imgUrl":"https://s3.dia.es/medias/hf5/hb7/9565899980830.jpg"},{"title":"DIA pistachos bolsa 500GR","price":"5,39 €","pricePerUnit":"(10,78 €/Kg.)","imgUrl":"https://s1.dia.es/medias/h64/h05/9615942844446.jpg"},{"title":"DIA pistachos tostad.c/s bolsa 200GR","price":"2,19 €","pricePerUnit":"(10,95 €/Kg.)","imgUrl":"https://s3.dia.es/medias/h51/h07/9615947759646.jpg"},{"title":"DIA piñones bolsa 70 gr","price":"3,35 €","pricePerUnit":"(47,86 €/Kg.)","imgUrl":"https://s0.dia.es/medias/hb1/h2d/9169838211102.jpg"},{"title":"EAGLE cacahuete frito miel bolsa 75GRS","price":"1,45 €","pricePerUnit":"(19,33 €/Kg.)","imgUrl":"https://s0.dia.es/medias/h2f/h41/9335775264798.jpg"},{"title":"EAGLE pistacho bolsa 100GR","price":"2,41 €","pricePerUnit":"(32,13 €/Kg.)","imgUrl":"https://s1.dia.es/medias/hf2/h9e/8904458469406.jpg"},{"title":"FACUN pipa extra bolsa 100GR","price":"1,65 €","pricePerUnit":"(16,50 €/Kg.)","imgUrl":"https://s1.dia.es/medias/ha8/h8c/8864504643614.jpg"},{"title":"FACUN pipas sin sal bolsa 100GR","price":"1,35 €","pricePerUnit":"(13,50 €/Kg.)","imgUrl":"https://s0.dia.es/medias/h59/h62/9629878517790.jpg"},{"title":"FACUNDO cocktail de frutos secos sin sal bolsa 120 gr","price":"1,38 €","pricePerUnit":"(9,20 €/Kg.)","imgUrl":"https://s3.dia.es/medias/hff/h75/9629781164062.jpg"},{"title":"FACUNDO pipas blanquillas bolsa 150 gr","price":"2,04 €","pricePerUnit":"(13,60 €/Kg.)","imgUrl":"https://s1.dia.es/medias/hf1/ha0/8855011131422.png"},{"title":"FRIT RAVI  mix frutos bolsa 400 G","price":"2,39 €","pricePerUnit":"(5,98 €/Kg.)","imgUrl":"https://s2.dia.es/medias/ha7/hb2/9428141768734.jpg"},{"title":"FRUMESA almendra cruda bolsa 200 gr","price":"2,89 €","pricePerUnit":"(14,45 €/Kg.)","imgUrl":"https://s1.dia.es/medias/h57/h7d/8954967392286.png"},{"title":"GREFU pipas tijuana bolsa 165GR","price":"1,31 €","pricePerUnit":"(7,94 €/Kg.)","imgUrl":"https://s0.dia.es/medias/h13/h93/9252238393374.jpg"},{"title":"GREFUSA Mister corn cocktail mix5 frutos secos bolsa 120 gr","price":"1,15 €","pricePerUnit":"(9,58 €/Kg.)","imgUrl":"https://s3.dia.es/medias/hb1/h54/9654403989534.jpg"},{"title":"GREFUSA Mister corn cocktail mix5 frutos secos bolsa 300 gr","price":"1,99 €","pricePerUnit":"(6,63 €/Kg.)","imgUrl":"https://s3.dia.es/medias/hb2/h7b/9675429380126.jpg"},{"title":"GREFUSA Mister corn maíz frito bolsa 140 gr","price":"1,25 €","pricePerUnit":"(8,93 €/Kg.)","imgUrl":"https://s0.dia.es/medias/h3b/h30/9650446106654.jpg"},{"title":"GREFUSA Mister corn sabores de américa bolsa 180 gr","price":"1,92 €","pricePerUnit":"(10,67 €/Kg.)","imgUrl":"https://s0.dia.es/medias/h8e/hb7/9379618750494.jpg"},{"title":"GREFUSA Mister corn sabores de áfrica bolsa 195 gr","price":"1,95 €","pricePerUnit":"(10,00 €/Kg.)","imgUrl":"https://s3.dia.es/medias/h1f/hbf/9662516789278.jpg"},{"title":"GREFUSA pipas baconeras bolsa 165 gr","price":"1,39 €","pricePerUnit":"(8,42 €/Kg.)","imgUrl":"https://s0.dia.es/medias/h9d/ha3/9076088602654.jpg"},{"title":"GREFUSA pipas con sal bolsa 165 gr","price":"1,35 €","pricePerUnit":"(8,18 €/Kg.)","imgUrl":"https://s0.dia.es/medias/h72/h2c/9252250189854.jpg"},{"title":"GREFUSA pipas el piponazo bolsa 180 gr","price":"1,99 €","pricePerUnit":"(11,71 €/Kg.)","imgUrl":"https://s3.dia.es/medias/hae/h9d/9372475621406.jpg"},{"title":"MATUTANO almendras tostadas al horno bolsa 128 gr","price":"3,39 €","pricePerUnit":"(26,48 €/Kg.)","imgUrl":"https://s1.dia.es/medias/h45/h88/9550072807454.jpg"},{"title":"MATUTANO cocktail al horno deliciosamente tostado bolsa 143 gr","price":"2,19 €","pricePerUnit":"(15,31 €/Kg.)","imgUrl":"https://s2.dia.es/medias/h6b/h04/9670891995166.jpg"},{"title":"MATUTANO pistachos al horno receta campesina bolsa 94 gr","price":"2,45 €","pricePerUnit":"(26,06 €/Kg.)","imgUrl":"https://s3.dia.es/medias/h0d/h61/9681354194974.jpg"},{"title":"Nuez fresca granel","price":"5,69 €","pricePerUnit":"(5,69 €/Kg.)","imgUrl":"https://s0.dia.es/medias/h1d/h95/8834368405534.png"},{"title":"Nuez pelada mitades bandeja 150 gr","price":"2,59 €","pricePerUnit":"(17,27 €/Kg.)","imgUrl":"https://s3.dia.es/medias/he4/h10/8834082537502.png"},{"title":"Orejones de albaricoque bolsa 250 gr","price":"2,29 €","pricePerUnit":"(9,16 €/Kg.)","imgUrl":"https://s3.dia.es/medias/h4e/h83/8955077492766.png"},{"title":"PIPONASO pipas al punto bolsa 180 gr","price":"1,99 €","pricePerUnit":"(11,71 €/Kg.)","imgUrl":"https://s3.dia.es/medias/h46/h1e/9373595140126.jpg"},{"title":"Pistachos tostados tarrina 175 gr","price":"3,29 €","pricePerUnit":"(21,93 €/Kg.)","imgUrl":"https://s0.dia.es/medias/hf9/hab/8955011956766.png"},{"title":"PRUNITA arándano deshidratado bolsa 200 gr","price":"1,79 €","pricePerUnit":"(8,95 €/Kg.)","imgUrl":"https://s2.dia.es/medias/h85/h6f/8955036205086.png"},{"title":"PRUNITA uva pasa sultana bolsa 250 gr","price":"1,29 €","pricePerUnit":"(5,16 €/Kg.)","imgUrl":"https://s2.dia.es/medias/hc0/h19/8954932330526.png"},{"title":"SNATTS cocktail frutos secos con frutos rojos bolsa 120 gr","price":"2,65 €","pricePerUnit":"(22,08 €/Kg.)","imgUrl":"https://s0.dia.es/medias/h30/h5f/9379616129054.jpg"},{"title":"SNATTS cocktail frutos secos con piña y papaya bolsa 120 gr","price":"2,65 €","pricePerUnit":"(22,08 €/Kg.)","imgUrl":"https://s2.dia.es/medias/h66/h01/9379617112094.jpg"},{"title":"WONDERFUL almendra natural bolsa 200 gr","price":"3,65 €","pricePerUnit":"(18,25 €/Kg.)","imgUrl":"https://s1.dia.es/medias/hd5/h8b/9160235974686.jpg"},{"title":"WONDERFUL pistachos bolsa 220 gr","price":"4,65 €","pricePerUnit":"(21,14 €/Kg.)","imgUrl":"https://s2.dia.es/medias/h64/h0e/9102844526622.jpg"}]}},"pizza-bases-y-masas":{"name":"Pizza,basesymasas","productTypes":["pizza-congelada","pizza-refrigerada","bases-y-masas-congeladas","bases-y-masas-refrigeradas"],"pizza-congelada":{"categoryUrl":"/compra-online/productos/alimentacion/pizza-bases-y-masas/pizza-congelada/c/WEB.003.024.00189","products":[{"title":"BUITONI American style pizza pollo bbq caja 425 gr","price":"3,65 €","pricePerUnit":"(8,59 €/Kg.)","imgUrl":"https://s3.dia.es/medias/h0a/hc0/9640359788574.jpg"},{"title":"BUITONI Forno di pietra pizza 4 quesos caja 350 gr","price":"3,19 €","pricePerUnit":"(9,11 €/Kg.)","imgUrl":"https://s0.dia.es/medias/h88/h2e/9578441310238.jpg"},{"title":"BUITONI Forno di pietra pizza barbacoa caja 325 gr","price":"3,19 €","pricePerUnit":"(9,82 €/Kg.)","imgUrl":"https://s2.dia.es/medias/h51/h72/9578575331358.jpg"},{"title":"BUITONI Forno di pietra pizza caprese caja 350 gr","price":"3,19 €","pricePerUnit":"(9,11 €/Kg.)","imgUrl":"https://s2.dia.es/medias/h91/h67/9578620944414.jpg"},{"title":"BUITONI Forno di pietra pizza carbonara caja 300 gr","price":"3,19 €","pricePerUnit":"(10,63 €/Kg.)","imgUrl":"https://s0.dia.es/medias/h23/h78/9578404872222.jpg"},{"title":"BUITONI Forno di pietra pizza jamón y champiñones caja 350 gr","price":"3,05 €","pricePerUnit":"(8,97 €/Kg.)","imgUrl":"https://s1.dia.es/medias/h32/h3f/9578644668446.jpg"},{"title":"BUITONI Forno di pietra pizza jamón y queso caja 360 gr","price":"3,19 €","pricePerUnit":"(9,11 €/Kg.)","imgUrl":"https://s0.dia.es/medias/h4d/h58/9578387570718.jpg"},{"title":"BUITONI Forno di pietra pizza pollo caja 350 gr","price":"3,29 €","pricePerUnit":"(9,40 €/Kg.)","imgUrl":"https://s2.dia.es/medias/h32/hcd/9578452451358.jpg"},{"title":"BUITONI piccolinis 3 quesos caja 270 gr","price":"2,95 €","pricePerUnit":"(10,93 €/Kg.)","imgUrl":"https://s0.dia.es/medias/hb3/he0/9648381853726.jpg"},{"title":"BUITONI piccolinis capricciosa caja 270 gr","price":"2,95 €","pricePerUnit":"(10,93 €/Kg.)","imgUrl":"https://s3.dia.es/medias/h89/hff/9648389783582.jpg"},{"title":"BUITONI pizza fina jamon y queso caja 320 gr","price":"2,69 €","pricePerUnit":"(8,41 €/Kg.)","imgUrl":"https://s1.dia.es/medias/hbe/h50/9579081138206.jpg"},{"title":"BUITONI pizza fina quesos caja 300 gr","price":"2,69 €","pricePerUnit":"(8,97 €/Kg.)","imgUrl":"https://s0.dia.es/medias/hce/h83/9611990171678.jpg"},{"title":"BUITONI pizza jamón y queso envase 365 gr","price":"3,19 €","pricePerUnit":"(8,74 €/Kg.)","imgUrl":"https://s1.dia.es/medias/hd5/hbe/9578428203038.jpg"},{"title":"BUITONI pizza micro jamón y queso caja 315 gr","price":"3,29 €","pricePerUnit":"(10,44 €/Kg.)","imgUrl":"https://s0.dia.es/medias/h3b/h02/9572892868638.jpg"},{"title":"CASA DI MAMA pizza 4 quesos 395 gr","price":"3,85 €","pricePerUnit":"(9,75 €/Kg.)","imgUrl":"https://s3.dia.es/medias/hd9/h53/9385042542622.jpg"},{"title":"CASA DI MAMA pizza bolognese caja 420 gr","price":"3,85 €","pricePerUnit":"(9,39 €/Kg.)","imgUrl":"https://s3.dia.es/medias/h7f/h37/9385085698078.jpg"},{"title":"DIA baguette jamón y queso pack 2 uds","price":"1,65 €","pricePerUnit":"(6,60 €/Kg.)","imgUrl":"https://s3.dia.es/medias/hbb/hbd/8822424305694.png"},{"title":"DIA bases de pizza muy finas envase 3 x 140 gr","price":"1,75 €","pricePerUnit":"(4,17 €/Kg.)","imgUrl":"https://s1.dia.es/medias/hbd/h6f/8830452269086.png"},{"title":"DIA mini pizzas jamón y queso caja 270 gr","price":"1,89 €","pricePerUnit":"(7,00 €/Kg.)","imgUrl":"https://s0.dia.es/medias/h2e/h0b/8823177642014.png"},{"title":"DIA pizza atún y bacon caja 400 gr","price":"1,95 €","pricePerUnit":"(4,88 €/Kg.)","imgUrl":"https://s2.dia.es/medias/h48/h1a/8823033987102.png"},{"title":"DIA pizza boloñesa caja 400 gr","price":"1,97 €","pricePerUnit":"(4,93 €/Kg.)","imgUrl":"https://s0.dia.es/medias/h48/hbe/8823176593438.png"},{"title":"DIA pizza campestre caja 400 gr","price":"1,90 €","pricePerUnit":"(4,75 €/Kg.)","imgUrl":"https://s3.dia.es/medias/h74/h38/8822463103006.png"},{"title":"DIA pizza de pollo marinado envase 350 gr","price":"2,00 €","pricePerUnit":"(5,71 €/Kg.)","imgUrl":"https://s3.dia.es/medias/h4f/hf2/8830428676126.png"},{"title":"DIA pizza masa fina jamón y queso caja 350 gr","price":"2,00 €","pricePerUnit":"(5,71 €/Kg.)","imgUrl":"https://s1.dia.es/medias/hc7/h5a/8830828478494.png"},{"title":"DIA pizza reina pack 2x350 gr","price":"3,27 €","pricePerUnit":"(4,67 €/Kg.)","imgUrl":"https://s3.dia.es/medias/h63/h76/8823235313694.png"},{"title":"DR OETKER casa di mama pizza proscuito y funghi caja 380 gr","price":"3,85 €","pricePerUnit":"(10,13 €/Kg.)","imgUrl":"https://s3.dia.es/medias/hf9/h3b/9385014198302.jpg"},{"title":"DR OETKER pannini bacon crispy caja 250 gr","price":"2,75 €","pricePerUnit":"(11,00 €/Kg.)","imgUrl":"https://s1.dia.es/medias/hb2/h93/9385013542942.jpg"},{"title":"DR OETKER pannini barbacoa caja 250 gr","price":"2,75 €","pricePerUnit":"(11,00 €/Kg.)","imgUrl":"https://s0.dia.es/medias/h91/h94/9385029107742.jpg"},{"title":"DR OETKER pannini jamón y queso caja 250 gr","price":"2,75 €","pricePerUnit":"(11,00 €/Kg.)","imgUrl":"https://s2.dia.es/medias/h9e/haf/9385064824862.jpg"},{"title":"DR OETKER ristorante pizza 4 quesos caja 340 gr","price":"3,29 €","pricePerUnit":"(9,68 €/Kg.)","imgUrl":"https://s3.dia.es/medias/hf9/hc6/9385092907038.jpg"},{"title":"DR OETKER ristorante pizza atún caja 355 gr","price":"3,29 €","pricePerUnit":"(9,27 €/Kg.)","imgUrl":"https://s1.dia.es/medias/h59/h2b/9385071050782.jpg"},{"title":"DR OETKER ristorante pizza barbacoa caja 350 gr","price":"3,29 €","pricePerUnit":"(9,40 €/Kg.)","imgUrl":"https://s0.dia.es/medias/he4/h5d/9386994139166.jpg"},{"title":"DR OETKER ristorante pizza funghi caja 370 gr","price":"3,29 €","pricePerUnit":"(8,89 €/Kg.)","imgUrl":"https://s0.dia.es/medias/he6/h68/9385066135582.jpg"},{"title":"DR OETKER ristorante pizza mozzarella caja 335 gr","price":"3,29 €","pricePerUnit":"(9,82 €/Kg.)","imgUrl":"https://s3.dia.es/medias/hc4/h27/9385076686878.jpg"},{"title":"DR OETKER ristorante pizza prosciuto caja 330 gr","price":"3,29 €","pricePerUnit":"(9,97 €/Kg.)","imgUrl":"https://s3.dia.es/medias/h09/h1b/9385093300254.jpg"},{"title":"DR OETKER ristorante pizza speciale caja 330 gr","price":"3,29 €","pricePerUnit":"(9,97 €/Kg.)","imgUrl":"https://s3.dia.es/medias/h5e/hf5/9385051389982.jpg"},{"title":"DR OETKER ristorante pizza spinaci caja 390 gr","price":"3,29 €","pricePerUnit":"(8,44 €/Kg.)","imgUrl":"https://s0.dia.es/medias/h29/h9d/9385065480222.jpg"},{"title":"DR. OETKER pannini 4 quesos caja 250 gr","price":"2,75 €","pricePerUnit":"(11,00 €/Kg.)","imgUrl":"https://s1.dia.es/medias/h6f/ha3/9385042870302.jpg"},{"title":"DR. OETKER pannini tex mex caja 250 gr","price":"2,75 €","pricePerUnit":"(11,00 €/Kg.)","imgUrl":"https://s0.dia.es/medias/ha3/h1a/9570177679390.jpg"},{"title":"DR. OETKER ristorante pizza vegetale caja 385 gr","price":"3,29 €","pricePerUnit":"(8,44 €/Kg.)","imgUrl":"https://s1.dia.es/medias/h83/h46/9385025503262.jpg"}]},"pizza-refrigerada":{"categoryUrl":"/compra-online/productos/alimentacion/pizza-bases-y-masas/pizza-refrigerada/c/WEB.003.024.00190","products":[{"title":"CAMPOFRÍO pizza 4 quesos con salsa manchega envase 365 gr","price":"2,44 €","pricePerUnit":"(6,68 €/Kg.)","imgUrl":"https://s2.dia.es/medias/h2c/h14/9219960766494.jpg"},{"title":"CAMPOFRÍO pizza barbacoa envase 410 gr","price":"2,35 €","pricePerUnit":"(5,73 €/Kg.)","imgUrl":"https://s0.dia.es/medias/hac/hbe/9219988619294.jpg"},{"title":"CAMPOFRÍO pizza jamón y queso con salsa cheddar envase 360 gr","price":"2,44 €","pricePerUnit":"(6,78 €/Kg.)","imgUrl":"https://s2.dia.es/medias/h2f/had/9234848907294.jpg"},{"title":"CASA TARRADELLAS pizza 4 quesos envase 390 gr","price":"2,64 €","pricePerUnit":"(6,77 €/Kg.)","imgUrl":"https://s0.dia.es/medias/h11/ha8/9573939871774.jpg"},{"title":"CASA TARRADELLAS pizza atún y bacon envase 405 gr","price":"2,64 €","pricePerUnit":"(6,52 €/Kg.)","imgUrl":"https://s2.dia.es/medias/h22/he9/9573933744158.jpg"},{"title":"CASA TARRADELLAS pizza barbacoa envase 400 gr","price":"2,64 €","pricePerUnit":"(6,00 €/Kg.)","imgUrl":"https://s3.dia.es/medias/h4b/hf3/9573920899102.jpg"},{"title":"CASA TARRADELLAS pizza carbonara envase 400 gr","price":"2,64 €","pricePerUnit":"(6,60 €/Kg.)","imgUrl":"https://s2.dia.es/medias/hcd/h78/9573923192862.jpg"},{"title":"CASA TARRADELLAS pizza de pollo envase 410 gr","price":"2,64 €","pricePerUnit":"(6,44 €/Kg.)","imgUrl":"https://s3.dia.es/medias/h5c/h1c/9573934399518.jpg"},{"title":"CASA TARRADELLAS pizza jamón serrano envase 390 gr","price":"2,64 €","pricePerUnit":"(6,77 €/Kg.)","imgUrl":"https://s0.dia.es/medias/he8/h8f/9573930958878.jpg"},{"title":"CASA TARRADELLAS pizza jamón y queso envase 405 gr","price":"2,64 €","pricePerUnit":"(6,52 €/Kg.)","imgUrl":"https://s2.dia.es/medias/h0b/he6/9573944131614.jpg"},{"title":"CASA TARRADELLAS pizza jamón y queso pack 2 envases 225 gr","price":"2,75 €","pricePerUnit":"(6,11 €/Kg.)","imgUrl":"https://s2.dia.es/medias/h1f/hce/9573921226782.jpg"},{"title":"CASA TARRADELLAS pizza jamón y queso sin lactosa y SIN GLUTEN envase 420 gr","price":"3,05 €","pricePerUnit":"(7,26 €/Kg.)","imgUrl":"https://s1.dia.es/medias/h70/h26/9640448000030.jpg"},{"title":"CASA TARRADELLAS pizza romana envase 415 gr","price":"2,64 €","pricePerUnit":"(6,36 €/Kg.)","imgUrl":"https://s3.dia.es/medias/h79/h60/9573938561054.jpg"},{"title":"DIA pizza 4 quesos envase 400 gr","price":"2,25 €","pricePerUnit":"(5,63 €/Kg.)","imgUrl":"https://s0.dia.es/medias/h05/h9b/9158797754398.jpg"},{"title":"DIA pizza 5 quesos envase 360 gr","price":"2,25 €","pricePerUnit":"(6,25 €/Kg.)","imgUrl":"https://s2.dia.es/medias/hc4/h08/9158806667294.jpg"},{"title":"DIA pizza barbacoa envase 410 gr","price":"2,25 €","pricePerUnit":"(5,49 €/Kg.)","imgUrl":"https://s1.dia.es/medias/h42/he0/8823680991262.png"},{"title":"DIA pizza carbonara envase 400 gr","price":"2,25 €","pricePerUnit":"(5,63 €/Kg.)","imgUrl":"https://s3.dia.es/medias/h8b/h12/9158839697438.jpg"},{"title":"DIA pizza jamón y queso envase 400 gr","price":"2,25 €","pricePerUnit":"(5,63 €/Kg.)","imgUrl":"https://s1.dia.es/medias/h71/h4b/9158813351966.jpg"},{"title":"PALACIOS pizza fresca mini jamón bacón y queso especial micro envase 225 gr","price":"1,55 €","pricePerUnit":"(6,89 €/Kg.)","imgUrl":"https://s1.dia.es/medias/hda/hcc/9667592585246.jpg"}]},"bases-y-masas-congeladas":{"categoryUrl":"/compra-online/productos/alimentacion/pizza-bases-y-masas/bases-y-masas-congeladas/c/WEB.003.024.00191","products":[{"title":"DIA masa de hojaldre extendida caja 500 gr","price":"1,27 €","pricePerUnit":"(2,54 €/Kg.)","imgUrl":"https://s3.dia.es/medias/h62/h9b/8824418369566.png"},{"title":"LA COCINERA masa de hojaldre extendida estuche 500 gr","price":"2,99 €","pricePerUnit":"(5,98 €/Kg.)","imgUrl":"https://s3.dia.es/medias/h54/h4a/9322292445214.jpg"}]},"bases-y-masas-refrigeradas":{"categoryUrl":"/compra-online/productos/alimentacion/pizza-bases-y-masas/bases-y-masas-refrigeradas/c/WEB.003.024.00192","products":[{"title":"BUITONI masa de hojaldre rectangular rollo 230 gr","price":"2,01 €","pricePerUnit":"(8,74 €/Kg.)","imgUrl":"https://s0.dia.es/medias/hf8/h4f/9637940985886.jpg"},{"title":"BUITONI masa de hojaldre rollo 230 gr","price":"2,05 €","pricePerUnit":"(8,91 €/Kg.)","imgUrl":"https://s0.dia.es/medias/h64/h62/9637914509342.jpg"},{"title":"BUITONI masa para empanada paquete 280 gr","price":"2,63 €","pricePerUnit":"(9,39 €/Kg.)","imgUrl":"https://s2.dia.es/medias/h46/he5/9637843992606.jpg"},{"title":"BUITONI masa para empanadillas y postres paquete 16 uds 160 gr","price":"0,89 €","pricePerUnit":"(5,56 €/Kg.)","imgUrl":"https://s3.dia.es/medias/h23/hcb/9637843664926.jpg"},{"title":"BUITONI masa para empanadillas y postres paquete 16 uds 280 gr","price":"1,39 €","pricePerUnit":"(4,96 €/Kg.)","imgUrl":"https://s2.dia.es/medias/h0d/hf8/9637918769182.jpg"},{"title":"BUITONI masa pizza finissima rollo 260 gr","price":"2,33 €","pricePerUnit":"(8,96 €/Kg.)","imgUrl":"https://s2.dia.es/medias/h51/h7f/9578498457630.jpg"},{"title":"CASA TARRADELLAS masa hojaldre rollo 260 gr","price":"1,52 €","pricePerUnit":"(5,85 €/Kg.)","imgUrl":"https://s2.dia.es/medias/h38/h84/9598285447198.jpg"},{"title":"DIA masa de hojaldre rollo 230 gr","price":"1,20 €","pricePerUnit":"(5,22 €/Kg.)","imgUrl":"https://s1.dia.es/medias/ha6/h90/8853598666782.png"},{"title":"DIA masa fina para pizza rollo 260 gr","price":"1,12 €","pricePerUnit":"(4,31 €/Kg.)","imgUrl":"https://s0.dia.es/medias/h05/hc6/9326247280670.jpg"},{"title":"DIA masa quebrada rollo 230 gr","price":"1,20 €","pricePerUnit":"(5,22 €/Kg.)","imgUrl":"https://s0.dia.es/medias/h14/h4e/8853784395806.png"}]}},"platos-preparados":{"name":"Platospreparados","productTypes":["carne","ensaladas","pasta-y-arroz","pescado","verduras-y-legumbres"],"carne":{"categoryUrl":"/compra-online/productos/alimentacion/platos-preparados/carne/c/WEB.003.025.00193","products":[{"title":"CARRETILLA albóndigas estilo casero 350 gr","price":"2,99 €","pricePerUnit":"(8,54 €/Kg.)","imgUrl":"https://s1.dia.es/medias/h61/h72/9634749808670.jpg"},{"title":"CASA MATACHIN pechuga de pollo en aceite lata 180 gr","price":"2,17 €","pricePerUnit":"(12,06 €/Kg.)","imgUrl":"https://s0.dia.es/medias/hc1/h57/8819401064478.png"},{"title":"DIA albóndigas lata 420 gr","price":"0,99 €","pricePerUnit":"(2,36 €/Kg.)","imgUrl":"https://s3.dia.es/medias/h45/h45/9524451082270.jpg"},{"title":"DIA callos con chorizo lata 380GR","price":"1,39 €","pricePerUnit":"(3,66 €/Kg.)","imgUrl":"https://s0.dia.es/medias/h5b/h88/8822471491614.png"},{"title":"DIA callos con garbanzos lata 380 gr","price":"1,29 €","pricePerUnit":"(3,39 €/Kg.)","imgUrl":"https://s3.dia.es/medias/hb3/h40/9252419862558.jpg"},{"title":"DIA magro de cerdo lata 220 gr","price":"1,55 €","pricePerUnit":"(7,05 €/Kg.)","imgUrl":"https://s0.dia.es/medias/hce/hfa/8823229022238.png"},{"title":"Empanada de carne 550 gr","price":"3,00 €","pricePerUnit":"(5,45 €/Kg.)","imgUrl":"https://s1.dia.es/medias/hfd/h13/9203113820190.jpg"},{"title":"LITORAL callos  lata 380GR","price":"3,23 €","pricePerUnit":"(8,50 €/Kg.)","imgUrl":"https://s1.dia.es/medias/hec/h8d/9578405527582.jpg"}]},"ensaladas":{"categoryUrl":"/compra-online/productos/alimentacion/platos-preparados/ensaladas/c/WEB.003.025.00194","products":[{"title":"CALVO ensalada mediterránea de atún lata 150 gr","price":"0,89 €","pricePerUnit":"(5,93 €/Kg.)","imgUrl":"https://s3.dia.es/medias/hfe/h71/9342439817246.jpg"},{"title":"CALVO ensalada rusa con atún lata 150 gr","price":"0,89 €","pricePerUnit":"(5,93 €/Kg.)","imgUrl":"https://s0.dia.es/medias/hdd/h93/9515735711774.jpg"},{"title":"CARRETILLA ensaladilla rusa tarrina 240 gr","price":"1,69 €","pricePerUnit":"(7,04 €/Kg.)","imgUrl":"https://s1.dia.es/medias/hb6/h96/9634739650590.jpg"},{"title":"DIA ensalada de pasta bol 250 grs","price":"1,65 €","pricePerUnit":"(6,60 €/Kg.)","imgUrl":"https://s3.dia.es/medias/hf0/hcb/8823100571678.png"},{"title":"ISABEL ensalada ligera tarrina 230 gr","price":"2,30 €","pricePerUnit":"(10,45 €/Kg.)","imgUrl":"https://s2.dia.es/medias/hb4/h9f/9662481268766.jpg"},{"title":"ISABEL ensalada rusa tarrina 230 gr","price":"2,19 €","pricePerUnit":"(8,76 €/Kg.)","imgUrl":"https://s1.dia.es/medias/h6b/h7c/9662435196958.jpg"}]},"pasta-y-arroz":{"categoryUrl":"/compra-online/productos/alimentacion/platos-preparados/pasta-y-arroz/c/WEB.003.025.00195","products":[{"title":"CARRETILLA fideuá para microondas bandeja 250 gr","price":"2,19 €","pricePerUnit":"(8,76 €/Kg.)","imgUrl":"https://s0.dia.es/medias/h8c/h10/9634774745118.jpg"},{"title":"CARRETILLA paella marinera para microondas bandeja 250 gr","price":"2,19 €","pricePerUnit":"(8,76 €/Kg.)","imgUrl":"https://s0.dia.es/medias/hee/h37/9634754461726.jpg"},{"title":"DIA lasaña de carne bandeja 350 gr","price":"2,29 €","pricePerUnit":"(6,54 €/Kg.)","imgUrl":"https://s2.dia.es/medias/h99/hc6/8822928539678.png"},{"title":"DIA paella marinera para microondas bandeja 250 gr","price":"1,98 €","pricePerUnit":"(7,92 €/Kg.)","imgUrl":"https://s2.dia.es/medias/h6f/hfc/8823806296094.png"},{"title":"TREVIJANO cous cous marroquí bandeja 300 gr","price":"2,59 €","pricePerUnit":"(8,63 €/Kg.)","imgUrl":"https://s0.dia.es/medias/hc6/hbd/9642411884574.jpg"},{"title":"TREVIJANO cous cous mediterráneo bandeja 300 gr","price":"2,59 €","pricePerUnit":"(8,63 €/Kg.)","imgUrl":"https://s1.dia.es/medias/h19/ha2/9642380623902.jpg"},{"title":"TREVIJANO risotto de hongos bandeja 280 gr","price":"2,19 €","pricePerUnit":"(7,82 €/Kg.)","imgUrl":"https://s3.dia.es/medias/h97/h54/9642339074078.jpg"}]},"pescado":{"categoryUrl":"/compra-online/productos/alimentacion/platos-preparados/pescado/c/WEB.003.025.00196","products":[{"title":"CARRETILLA ensalada de pasta con atún tarrina 240 gr","price":"1,69 €","pricePerUnit":"(7,04 €/Kg.)","imgUrl":"https://s1.dia.es/medias/h63/he4/8957722722334.png"},{"title":"Empanada de atún 550 gr","price":"3,00 €","pricePerUnit":"(5,45 €/Kg.)","imgUrl":"https://s3.dia.es/medias/h3a/hae/9520153034782.jpg"},{"title":"Empanada de bacalao 550 gr","price":"3,00 €","pricePerUnit":"(5,45 €/Kg.)","imgUrl":"https://s2.dia.es/medias/h61/hbd/9520162537502.jpg"}]},"verduras-y-legumbres":{"categoryUrl":"/compra-online/productos/alimentacion/platos-preparados/verduras-y-legumbres/c/WEB.003.025.00197","products":[{"title":"BRILLANTE Benefit legumbres, quinoa y verduras vaso 250 gr","price":"1,39 €","pricePerUnit":"(5,56 €/Kg.)","imgUrl":"https://s3.dia.es/medias/h97/h3b/9169820123166.jpg"},{"title":"CARRETILLA guisantes con jamón envase 240 gr","price":"2,05 €","pricePerUnit":"(8,54 €/Kg.)","imgUrl":"https://s0.dia.es/medias/h17/h5e/8879527690270.png"},{"title":"DIA cocido madrileño lata 440 gr","price":"1,36 €","pricePerUnit":"(3,09 €/Kg.)","imgUrl":"https://s3.dia.es/medias/hc4/h82/8822497706014.png"},{"title":"DIA fabada asturiana lata 435GR","price":"1,00 €","pricePerUnit":"(2,30 €/Kg.)","imgUrl":"https://s1.dia.es/medias/h78/h61/8822326788126.png"},{"title":"DIA fabada asturiana lata 865 gr","price":"1,96 €","pricePerUnit":"(2,27 €/Kg.)","imgUrl":"https://s0.dia.es/medias/hd5/h9e/8823140417566.png"},{"title":"DIA garbanzos con bacalao y espinacas lata 430 gr","price":"2,70 €","pricePerUnit":"(6,28 €/Kg.)","imgUrl":"https://s1.dia.es/medias/h56/hd4/8984010391582.jpg"},{"title":"DIA lentejas con chorizo lata 430 gr","price":"0,98 €","pricePerUnit":"(2,28 €/Kg.)","imgUrl":"https://s3.dia.es/medias/hac/h2a/8822272786462.png"},{"title":"DIA lentejas con verduras lata 415 gr","price":"0,78 €","pricePerUnit":"(1,88 €/Kg.)","imgUrl":"https://s3.dia.es/medias/h7d/h94/8823743381534.png"},{"title":"DIA pisto con calabacín y aceite de oliva frasco 350 gr","price":"1,15 €","pricePerUnit":"(3,29 €/Kg.)","imgUrl":"https://s3.dia.es/medias/h99/hca/8822942171166.png"},{"title":"DIA pote receta asturiana lata 430 gr","price":"1,89 €","pricePerUnit":"(4,40 €/Kg.)","imgUrl":"https://s0.dia.es/medias/h63/hfa/8984048140318.jpg"},{"title":"GALLINA BLANCA sofrito tomate y cebolla frasco 350GR","price":"1,57 €","pricePerUnit":"(4,49 €/Kg.)","imgUrl":"https://s2.dia.es/medias/hd8/h3b/9621701361694.jpg"},{"title":"LITORAL alubias a la vasca lata 430GR","price":"1,99 €","pricePerUnit":"(4,63 €/Kg.)","imgUrl":"https://s1.dia.es/medias/hfa/h3b/9572945690654.jpg"},{"title":"LITORAL cocido madrileño lata 440GR","price":"2,19 €","pricePerUnit":"(4,98 €/Kg.)","imgUrl":"https://s2.dia.es/medias/h38/h25/9578545446942.jpg"},{"title":"LITORAL fabada asturiana lata 435 gr","price":"1,75 €","pricePerUnit":"(4,02 €/Kg.)","imgUrl":"https://s0.dia.es/medias/h65/h70/9578723180574.jpg"},{"title":"LITORAL fabada asturiana lata 865 gr","price":"3,25 €","pricePerUnit":"(3,76 €/Kg.)","imgUrl":"https://s0.dia.es/medias/he4/he2/9451345346590.jpg"},{"title":"LITORAL fabada asturiana menos 30% sal y M.G. lata 435 gr","price":"2,05 €","pricePerUnit":"(4,71 €/Kg.)","imgUrl":"https://s1.dia.es/medias/hef/hef/9578647289886.jpg"},{"title":"LITORAL fabes con almejas lata 425 gr","price":"3,35 €","pricePerUnit":"(7,61 €/Kg.)","imgUrl":"https://s0.dia.es/medias/h18/h0a/9572720312350.jpg"},{"title":"LITORAL lentejas a la riojana lata 430GR","price":"1,74 €","pricePerUnit":"(4,05 €/Kg.)","imgUrl":"https://s3.dia.es/medias/h96/h71/9622075539486.jpg"},{"title":"LITORAL lentejas con verduras lata 430 gr","price":"1,55 €","pricePerUnit":"(3,60 €/Kg.)","imgUrl":"https://s3.dia.es/medias/h39/h91/9586376048670.jpg"},{"title":"LITORAL patatas a la riojana lata 425 gr","price":"1,99 €","pricePerUnit":"(4,68 €/Kg.)","imgUrl":"https://s2.dia.es/medias/h8c/he9/9578643685406.jpg"}]}},"platos-preparados-en-sobre":{"name":"Platospreparadosensobre","productTypes":["arroz","pasta"],"arroz":{"categoryUrl":"/compra-online/productos/alimentacion/platos-preparados-en-sobre/arroz/c/WEB.003.026.00198","products":[{"title":"GALLINA BLANCA risotto con setas sobre 175G","price":"1,99 €","pricePerUnit":"(11,37 €/Kg.)","imgUrl":"https://s2.dia.es/medias/h88/h50/9008033497118.jpg"}]},"pasta":{"categoryUrl":"/compra-online/productos/alimentacion/platos-preparados-en-sobre/pasta/c/WEB.003.026.00199","products":[{"title":"DIA fideos orientales sabor pollo vaso 61 gr","price":"0,75 €","pricePerUnit":"(12,30 €/Kg.)","imgUrl":"https://s3.dia.es/medias/hfd/h18/9582209007646.jpg"},{"title":"DIA fusilli 3 quesos/finas hierbas sobre 145 gr","price":"1,15 €","pricePerUnit":"(7,93 €/Kg.)","imgUrl":"https://s2.dia.es/medias/h8a/h89/9037594165278.jpg"},{"title":"DIA noodles sabor pollo bolsa bolsa 85 gr","price":"0,53 €","pricePerUnit":"(6,24 €/Kg.)","imgUrl":"https://s1.dia.es/medias/he0/h73/8823941562398.png"},{"title":"DIA tagliatelle carbonara sobre 145 gr","price":"0,80 €","pricePerUnit":"(5,52 €/Kg.)","imgUrl":"https://s2.dia.es/medias/hb2/hdb/8829410213918.png"},{"title":"DIA volantinas parmesana sobre 145 gr","price":"1,00 €","pricePerUnit":"(6,90 €/Kg.)","imgUrl":"https://s1.dia.es/medias/hbb/h25/8823732371486.png"},{"title":"GALLINA BLANCA fideos orientales curry vaso 61 gr","price":"1,21 €","pricePerUnit":"(19,84 €/Kg.)","imgUrl":"https://s2.dia.es/medias/h67/hb1/9144725602334.jpg"},{"title":"GALLINA BLANCA fideos orientales de arroz yatekomo vaso 53 gr","price":"1,59 €","pricePerUnit":"(30,00 €/Kg.)","imgUrl":"https://s0.dia.es/medias/h2b/h26/9326335361054.jpg"},{"title":"GALLINA BLANCA fideos orientales yakisoba pollo sobre 93 gr","price":"1,00 €","pricePerUnit":"(10,75 €/Kg.)","imgUrl":"https://s2.dia.es/medias/ha9/hed/9139998785566.jpg"},{"title":"GALLINA BLANCA fideos orientales yakisoba pollo vaso 93 gr","price":"1,59 €","pricePerUnit":"(17,10 €/Kg.)","imgUrl":"https://s3.dia.es/medias/h1f/h50/9144718393374.jpg"},{"title":"GALLINA BLANCA fideos orientales yakisoba sobre 93 gr","price":"1,00 €","pricePerUnit":"(10,75 €/Kg.)","imgUrl":"https://s3.dia.es/medias/h44/he3/9092519821342.jpg"},{"title":"GALLINA BLANCA fideos orientales yakisoba vaso 93 gr","price":"1,59 €","pricePerUnit":"(17,10 €/Kg.)","imgUrl":"https://s2.dia.es/medias/h95/hf3/9144712167454.jpg"},{"title":"GALLINA BLANCA fideos orientales yatekomo pollo vaso 66 gr","price":"1,21 €","pricePerUnit":"(18,33 €/Kg.)","imgUrl":"https://s0.dia.es/medias/hd8/h11/9144709546014.jpg"},{"title":"GALLINA BLANCA fideos orientales yatekomo vaso 61 gr","price":"1,21 €","pricePerUnit":"(19,84 €/Kg.)","imgUrl":"https://s3.dia.es/medias/hf6/h96/9144721014814.jpg"},{"title":"GALLINA BLANCA fideos orientales yatekomo verduras vaso 59 gr","price":"1,10 €","pricePerUnit":"(18,64 €/Kg.)","imgUrl":"https://s2.dia.es/medias/hf2/hb8/9144724291614.jpg"},{"title":"GALLINA BLANCA pack 3 fideos orientales pollo + 1 oriental 244 gr","price":"3,99 €","pricePerUnit":"(16,56 €/Kg.)","imgUrl":"https://s2.dia.es/medias/ha0/h09/9505518944286.jpg"},{"title":"GALLINA BLANCA spaghetti 3 quesos sobre 174 gr","price":"1,99 €","pricePerUnit":"(11,44 €/Kg.)","imgUrl":"https://s1.dia.es/medias/h71/hed/8920578228254.jpg"},{"title":"GALLINA BLANCA tallarines carbonara sobre 144 gr","price":"1,99 €","pricePerUnit":"(13,92 €/Kg.)","imgUrl":"https://s2.dia.es/medias/h9a/h28/8971710758942.jpg"},{"title":"GALLINA BLANCA tallarines parmesana sobre 145 gr","price":"1,99 €","pricePerUnit":"(13,92 €/Kg.)","imgUrl":"https://s1.dia.es/medias/ha8/h24/8971702566942.jpg"},{"title":"GALLINA BLANCA YATEKOMO fideos orientales pollo con soja sobre 82 gr","price":"0,80 €","pricePerUnit":"(9,76 €/Kg.)","imgUrl":"https://s0.dia.es/medias/h76/hff/9144729206814.jpg"},{"title":"GALLO Pastalover hélices con salsa de tomate y atún bandeja 180 gr","price":"2,59 €","pricePerUnit":"(14,39 €/Kg.)","imgUrl":"https://s2.dia.es/medias/h3d/h07/9585137057822.jpg"},{"title":"GALLO Pastalover macarrones con salsa de tomate y chorizo bandeja 180 gr","price":"2,25 €","pricePerUnit":"(12,50 €/Kg.)","imgUrl":"https://s2.dia.es/medias/h60/h04/9585157701662.jpg"},{"title":"GALLO Pastalover macarrones con salsa napolitana bandeja 180 gr","price":"2,59 €","pricePerUnit":"(14,39 €/Kg.)","imgUrl":"https://s2.dia.es/medias/hd6/h49/9585119952926.jpg"},{"title":"GALLO Pastalover spaguetti con salsa boloñesa bandeja 180 gr","price":"2,09 €","pricePerUnit":"(11,61 €/Kg.)","imgUrl":"https://s2.dia.es/medias/h7c/h5d/9576920645662.jpg"},{"title":"GALLO Soba fideos orientales yakisoba original vaso 83 gr","price":"1,59 €","pricePerUnit":"(17,67 €/Kg.)","imgUrl":"https://s2.dia.es/medias/h5c/hc8/9652397637662.jpg"},{"title":"MAGGI pasta oriental pollo sobre 70 gr","price":"0,75 €","pricePerUnit":"(10,71 €/Kg.)","imgUrl":"https://s0.dia.es/medias/he7/h89/9573203902494.jpg"},{"title":"MAGGI pasta oriental sabor ternera sobre 73 gr","price":"0,69 €","pricePerUnit":"(9,45 €/Kg.)","imgUrl":"https://s1.dia.es/medias/hc7/h58/9637888098334.jpg"},{"title":"MAGGI pasta oriental yakisoba classic sobre 120 gr","price":"1,52 €","pricePerUnit":"(12,67 €/Kg.)","imgUrl":"https://s1.dia.es/medias/h1c/h88/9578393141278.jpg"},{"title":"MAGGI pasta oriental yakisoba curry sobre 120 gr","price":"1,52 €","pricePerUnit":"(12,67 €/Kg.)","imgUrl":"https://s1.dia.es/medias/h14/h35/9578557571102.jpg"}]}},"platos-preparados-refrigerados":{"name":"Platospreparadosrefrigerados","productTypes":["carne","pasta-y-arroz","pescado","verduras","ensaladas","tortillas","bocadillos-y-sandwich-listos","otros"],"carne":{"categoryUrl":"/compra-online/productos/alimentacion/platos-preparados-refrigerados/carne/c/WEB.003.027.00202","products":[{"title":"CASA MAS albóndigas guisadas envase 300g","price":"2,95 €","pricePerUnit":"(10,73 €/Kg.)","imgUrl":"https://s1.dia.es/medias/h61/h01/9642245128222.jpg"},{"title":"DIA migas tarrina 275 gr","price":"1,50 €","pricePerUnit":"(5,45 €/Kg.)","imgUrl":"https://s1.dia.es/medias/h43/h79/8980725891102.jpg"},{"title":"PALACIOS hamburguesa con queso pack 2 unidades 125 gr","price":"2,08 €","pricePerUnit":"(8,32 €/Kg.)","imgUrl":"https://s1.dia.es/medias/h7e/h55/9667608805406.jpg"},{"title":"VALDETERRA migas con chorizo envase 275 gr","price":"1,65 €","pricePerUnit":"(6,00 €/Kg.)","imgUrl":"https://s3.dia.es/medias/hc6/hcb/9667583246366.jpg"}]},"pasta-y-arroz":{"categoryUrl":"/compra-online/productos/alimentacion/platos-preparados-refrigerados/pasta-y-arroz/c/WEB.003.027.00203","products":[{"title":"CASA MAS lasaña de verduras fresca envase 400g","price":"3,50 €","pricePerUnit":"(8,75 €/Kg.)","imgUrl":"https://s3.dia.es/medias/h6c/h87/8835521642526.png"},{"title":"CASA MAS lasaña fresca de carne envase 400g","price":"3,20 €","pricePerUnit":"(8,00 €/Kg.)","imgUrl":"https://s2.dia.es/medias/h66/h40/9054615765022.jpg"},{"title":"DIA paella mixta tarrina 350 gr","price":"2,40 €","pricePerUnit":"(6,86 €/Kg.)","imgUrl":"https://s1.dia.es/medias/h07/h47/8980619984926.jpg"},{"title":"TA TUNG arroz tres delicias bandeja 350 gr","price":"2,50 €","pricePerUnit":"(7,14 €/Kg.)","imgUrl":"https://s0.dia.es/medias/h4f/h3a/9631893487646.jpg"}]},"pescado":{"categoryUrl":"/compra-online/productos/alimentacion/platos-preparados-refrigerados/pescado/c/WEB.003.027.00204","products":[{"title":"CASA MAS pastel frio de atun envase 260 gr","price":"2,85 €","pricePerUnit":"(10,96 €/Kg.)","imgUrl":"https://s1.dia.es/medias/hca/h05/9642219634718.jpg"}]},"verduras":{"categoryUrl":"/compra-online/productos/alimentacion/platos-preparados-refrigerados/verduras/c/WEB.003.027.00201","products":[{"title":"TA TUNG rollitos de primavera bandeja 280 gr","price":"2,09 €","pricePerUnit":"(7,46 €/Kg.)","imgUrl":"https://s2.dia.es/medias/h7f/h26/9631888572446.jpg"}]},"ensaladas":{"categoryUrl":"/compra-online/productos/alimentacion/platos-preparados-refrigerados/ensaladas/c/WEB.003.027.00205","products":[{"title":"CASA MAS ensaladilla rusa con atún envase 240 gr","price":"2,50 €","pricePerUnit":"(10,42 €/Kg.)","imgUrl":"https://s1.dia.es/medias/hc6/ha0/9662469472286.jpg"},{"title":"FUENTETAJA ensalada de cangrejo tarrina 250 gr","price":"1,50 €","pricePerUnit":"(6,00 €/Kg.)","imgUrl":"https://s3.dia.es/medias/h16/hc4/9662429888542.jpg"},{"title":"PIERRE MARTINET tabule oriental envase 200g","price":"1,99 €","pricePerUnit":"(9,95 €/Kg.)","imgUrl":"https://s2.dia.es/medias/h4e/h97/9152126156830.jpg"}]},"tortillas":{"categoryUrl":"/compra-online/productos/alimentacion/platos-preparados-refrigerados/tortillas/c/WEB.003.027.00206","products":[{"title":"DIA mini tortilla de patatas con cebolla envase 220 gr","price":"1,00 €","pricePerUnit":"(4,55 €/Kg.)","imgUrl":"https://s3.dia.es/medias/h88/h73/8860489089054.png"},{"title":"DIA tortilla de patatas con cebolla envase 500 gr","price":"1,50 €","pricePerUnit":"(3,00 €/Kg.)","imgUrl":"https://s3.dia.es/medias/h3f/h9f/8860410445854.png"},{"title":"DIA tortilla de patatas sin cebolla envase 500 gr","price":"1,50 €","pricePerUnit":"(3,00 €/Kg.)","imgUrl":"https://s3.dia.es/medias/hbe/h28/8860456058910.png"},{"title":"PALACIOS tortilla de patatas con cebolla envase 650 gr","price":"3,60 €","pricePerUnit":"(5,54 €/Kg.)","imgUrl":"https://s2.dia.es/medias/h71/h07/9667540451358.jpg"},{"title":"PALACIOS tortilla de patatas con espinacas envase 300 gr","price":"2,00 €","pricePerUnit":"(6,67 €/Kg.)","imgUrl":"https://s1.dia.es/medias/ha6/he8/9667543564318.jpg"}]},"bocadillos-y-sandwich-listos":{"categoryUrl":"/compra-online/productos/alimentacion/platos-preparados-refrigerados/bocadillos-y-sandwich-listos/c/WEB.003.027.00207","products":[{"title":"LA BROCHE Fun roll carne barbacoa con bacon 2 unidades bandeja 260 gr","price":"1,65 €","pricePerUnit":"(6,35 €/Kg.)","imgUrl":"https://s1.dia.es/medias/h5a/h52/9225582477342.jpg"},{"title":"LA BROCHE Fun roll de bacon y queso bandeja 275 gr","price":"1,60 €","pricePerUnit":"(5,82 €/Kg.)","imgUrl":"https://s1.dia.es/medias/h12/hc2/9225590013982.jpg"},{"title":"LA BROCHE Fun roll de pollo y queso 2 unidades bandeja 275 g","price":"1,60 €","pricePerUnit":"(5,82 €/Kg.)","imgUrl":"https://s3.dia.es/medias/hd5/h27/9225573236766.jpg"},{"title":"LA BROCHE Fun roll durum kebab 2 unidades bandeja 250 gr","price":"2,25 €","pricePerUnit":"(9,00 €/Kg.)","imgUrl":"https://s2.dia.es/medias/h87/hd1/9626519404574.jpg"}]},"otros":{"categoryUrl":"/compra-online/productos/alimentacion/platos-preparados-refrigerados/otros/c/WEB.003.027.00208","products":[{"title":"PIERRE MARTINET hummus clásico tarrina 200 gr","price":"2,03 €","pricePerUnit":"(10,15 €/Kg.)","imgUrl":"https://s2.dia.es/medias/hd1/h1e/9358673903646.jpg"},{"title":"VALMASERA tofu de soja bio frasco 375 gr","price":"2,70 €","pricePerUnit":"(7,20 €/Kg.)","imgUrl":"https://s2.dia.es/medias/hbf/h4d/9100885753886.jpg"}]}},"sal-especias-y-sazonadores":{"name":"Sal,especiasysazonadores","productTypes":["sal","ajo","sazonadores","especias"],"sal":{"categoryUrl":"/compra-online/productos/alimentacion/sal-especias-y-sazonadores/sal/c/WEB.003.028.00209","products":[{"title":"COSTA sal plus+ paquete 1 Kg","price":"0,98 €","pricePerUnit":"(0,98 €/Kg.)","imgUrl":"https://s2.dia.es/medias/h2c/h77/8864357318686.jpg"},{"title":"COSTA sal yodo+flúor paquete 1 Kg","price":"0,66 €","pricePerUnit":"(0,66 €/Kg.)","imgUrl":"https://s1.dia.es/medias/h76/h25/8862868176926.jpg"},{"title":"DIA DELICIOUS escamas de sal marina frasco 125 gr","price":"2,44 €","pricePerUnit":"(19,52 €/Kg.)","imgUrl":"https://s0.dia.es/medias/hc3/h03/8823904337950.png"},{"title":"DIA DELICIOUS sal gruesa con molinillo frasco 100 gr","price":"1,55 €","pricePerUnit":"(15,50 €/Kg.)","imgUrl":"https://s3.dia.es/medias/he9/h5a/8977077370910.jpg"},{"title":"DIA DELICIOUS sal marina a la trufa y aceitunas negras frasco 200 gr","price":"2,82 €","pricePerUnit":"(14,10 €/Kg.)","imgUrl":"https://s1.dia.es/medias/h55/h37/8823832510494.png"},{"title":"DIA DELICIOUS sal rosa del himalaya frasco 200 gr","price":"2,35 €","pricePerUnit":"(11,75 €/Kg.)","imgUrl":"https://s2.dia.es/medias/h26/h3f/8872740421662.png"},{"title":"DIA sal de mesa fina paquete 1 Kg","price":"0,20 €","pricePerUnit":"(0,20 €/Kg.)","imgUrl":"https://s2.dia.es/medias/hf7/h03/8822006775838.png"},{"title":"DIA sal gruesa paquete 1 Kg","price":"0,19 €","pricePerUnit":"(0,19 €/Kg.)","imgUrl":"https://s1.dia.es/medias/h20/h5b/8822302146590.png"},{"title":"DIA sal marina de mesa frasco 250 gr","price":"0,36 €","pricePerUnit":"(1,44 €/Kg.)","imgUrl":"https://s1.dia.es/medias/ha4/h7c/8823954669598.png"},{"title":"DIA sal marina especial horneado paquete 2.5 Kg","price":"0,91 €","pricePerUnit":"(0,36 €/Kg.)","imgUrl":"https://s0.dia.es/medias/h97/h8e/8859468922910.png"},{"title":"DIA sal yodada paquete 1 Kg","price":"0,18 €","pricePerUnit":"(0,18 €/Kg.)","imgUrl":"https://s0.dia.es/medias/h59/h28/8822440558622.png"},{"title":"ECOCESTA sal marina fina bio paquete 1 Kg","price":"1,49 €","pricePerUnit":"(1,49 €/Kg.)","imgUrl":"https://s2.dia.es/medias/h5a/hd2/9664521961502.jpg"},{"title":"LA BALLENA sal marina fina paquete 1 Kg","price":"0,68 €","pricePerUnit":"(0,68 €/Kg.)","imgUrl":"https://s0.dia.es/medias/hf8/h33/9061738283038.jpg"},{"title":"MALDON escamas de sal marina caja 125 gr","price":"2,32 €","pricePerUnit":"(18,56 €/Kg.)","imgUrl":"https://s2.dia.es/medias/he1/h92/9491803242526.jpg"},{"title":"TOQUE ESPECIAL sal rosa del himalaya con molinillo frasco 105 gr","price":"2,05 €","pricePerUnit":"(19,52 €/Kg.)","imgUrl":"https://s2.dia.es/medias/hd6/h1c/9046950608926.jpg"}]},"ajo":{"categoryUrl":"/compra-online/productos/alimentacion/sal-especias-y-sazonadores/ajo/c/WEB.003.028.00210","products":[{"title":"CARMECITA perejil frasco 12 gr","price":"1,39 €","pricePerUnit":"(115,83 €/Kg.)","imgUrl":"https://s2.dia.es/medias/h5c/hda/8878282702878.png"},{"title":"CARMENCITA ajo en polvo frasco 290 gr","price":"5,60 €","pricePerUnit":"(19,31 €/Kg.)","imgUrl":"https://s2.dia.es/medias/ha9/he6/9135238643742.jpg"},{"title":"CARMENCITA ajo en polvo frasco 60 gr","price":"1,79 €","pricePerUnit":"(29,83 €/Kg.)","imgUrl":"https://s1.dia.es/medias/h38/hb7/9131487756318.jpg"},{"title":"CARMENCITA albahaca frasco 16 gr","price":"1,39 €","pricePerUnit":"(86,88 €/Kg.)","imgUrl":"https://s0.dia.es/medias/hda/h4f/8878328512542.png"},{"title":"CARMENCITA azafrán en hebras caja 4 sobres","price":"3,29 €","pricePerUnit":"(8 225,00 €/Kg.)","imgUrl":"https://s1.dia.es/medias/h75/hba/8878373339166.png"},{"title":"CARMENCITA canela en rama frasco 18 gr","price":"1,79 €","pricePerUnit":"(99,44 €/Kg.)","imgUrl":"https://s2.dia.es/medias/h46/hb3/9131479564318.jpg"},{"title":"CARMENCITA canela en rama stick 5 gr","price":"0,65 €","pricePerUnit":"(130,00 €/Kg.)","imgUrl":"https://s2.dia.es/medias/h68/hc9/8877215809566.png"},{"title":"CARMENCITA canela molida frasco 40 gr","price":"1,39 €","pricePerUnit":"(34,75 €/Kg.)","imgUrl":"https://s2.dia.es/medias/h13/h97/9135238971422.jpg"},{"title":"CARMENCITA cayena guindillas frasco 16 gr","price":"1,34 €","pricePerUnit":"(83,75 €/Kg.)","imgUrl":"https://s3.dia.es/medias/hf3/h74/9138006949918.jpg"},{"title":"CARMENCITA colorante alimentario frasco 62 gr","price":"1,39 €","pricePerUnit":"(23,17 €/Kg.)","imgUrl":"https://s3.dia.es/medias/h3e/h50/9138010226718.jpg"},{"title":"CARMENCITA hierbabuena frasco 20 gr","price":"1,34 €","pricePerUnit":"(67,00 €/Kg.)","imgUrl":"https://s1.dia.es/medias/h6c/h72/8878463942686.png"},{"title":"CARMENCITA hojas de laurel sobre 8 gr","price":"1,05 €","pricePerUnit":"(131,25 €/Kg.)","imgUrl":"https://s3.dia.es/medias/h21/hd5/8877303889950.png"},{"title":"CARMENCITA nuez moscada molida frasco 50 gr","price":"2,45 €","pricePerUnit":"(490,00 €/Kg.)","imgUrl":"https://s3.dia.es/medias/h50/h12/9131489394718.jpg"},{"title":"CARMENCITA orégano frasco 35 gr","price":"2,99 €","pricePerUnit":"(85,43 €/Kg.)","imgUrl":"https://s2.dia.es/medias/h32/h70/9132851757086.jpg"},{"title":"CARMENCITA orégano frasco 7 gr","price":"1,39 €","pricePerUnit":"(173,75 €/Kg.)","imgUrl":"https://s0.dia.es/medias/hb4/hb1/9130825351198.jpg"},{"title":"CARMENCITA paellero sazonador para paella con azafrán caja 5 sobres","price":"1,40 €","pricePerUnit":"(70,00 €/Kg.)","imgUrl":"https://s1.dia.es/medias/h09/h77/9266840764446.jpg"},{"title":"CARMENCITA pimentón dulce lata 150 gr","price":"2,95 €","pricePerUnit":"(19,67 €/Kg.)","imgUrl":"https://s0.dia.es/medias/h67/hb0/8878440742942.png"},{"title":"CARMENCITA pimentón picante lata 75 gr","price":"1,89 €","pricePerUnit":"(25,20 €/Kg.)","imgUrl":"https://s2.dia.es/medias/hc2/h73/8878436450334.png"},{"title":"CARMENCITA pimienta blanca frasco 75 gr","price":"1,59 €","pricePerUnit":"(31,80 €/Kg.)","imgUrl":"https://s2.dia.es/medias/h54/h44/9130824761374.jpg"},{"title":"CARMENCITA pimienta negra frasco 50 gr","price":"2,90 €","pricePerUnit":"(58,00 €/Kg.)","imgUrl":"https://s2.dia.es/medias/ha9/h36/8878450311198.png"},{"title":"CARMENCITA pimientos dulces del cristal choriceros caja 75 gr","price":"2,00 €","pricePerUnit":"(26,67 €/Kg.)","imgUrl":"https://s3.dia.es/medias/h13/hc9/8878221033502.png"},{"title":"CARMENCITA popurrí de pimientas frasco 40 gr","price":"3,49 €","pricePerUnit":"(87,25 €/Kg.)","imgUrl":"https://s3.dia.es/medias/h57/h6a/8878319468574.png"},{"title":"CARMENCITA ñoras sobre 25 gr","price":"1,35 €","pricePerUnit":"(54,00 €/Kg.)","imgUrl":"https://s1.dia.es/medias/h23/h3d/8877216333854.png"},{"title":"COSTA sal plus+ paquete 1 Kg","price":"0,98 €","pricePerUnit":"(0,98 €/Kg.)","imgUrl":"https://s2.dia.es/medias/h2c/h77/8864357318686.jpg"},{"title":"COSTA sal yodo+flúor paquete 1 Kg","price":"0,66 €","pricePerUnit":"(0,66 €/Kg.)","imgUrl":"https://s1.dia.es/medias/h76/h25/8862868176926.jpg"},{"title":"DANI ajo y perejil frasco 120 gr","price":"3,65 €","pricePerUnit":"(30,42 €/Kg.)","imgUrl":"https://s1.dia.es/medias/h32/h71/8895193186334.png"},{"title":"DANI canela molida frasco 30 gr","price":"1,69 €","pricePerUnit":"(56,33 €/Kg.)","imgUrl":"https://s1.dia.es/medias/h99/h3b/9381787500574.jpg"},{"title":"DANI cebolla frita bolsa 115 gr","price":"1,09 €","pricePerUnit":"(9,48 €/Kg.)","imgUrl":"https://s3.dia.es/medias/h08/h44/9483522080798.jpg"},{"title":"DANI clavo en grano frasco 30 gr","price":"2,42 €","pricePerUnit":"(80,67 €/Kg.)","imgUrl":"https://s1.dia.es/medias/hf5/hf6/9381787828254.jpg"},{"title":"DANI hierbas provenza sobre 30 gr","price":"0,69 €","pricePerUnit":"(23,00 €/Kg.)","imgUrl":"https://s3.dia.es/medias/h6d/h19/8817151180830.png"},{"title":"DANI hoja de romero bolsa 40 gr","price":"0,70 €","pricePerUnit":"(17,50 €/Kg.)","imgUrl":"https://s2.dia.es/medias/h33/hc0/9483614879774.jpg"},{"title":"DANI mix pimientas con sal frasco 40 gr","price":"1,63 €","pricePerUnit":"(40,75 €/Kg.)","imgUrl":"https://s2.dia.es/medias/haf/h6a/8969142108190.jpg"},{"title":"DANI perejil hoja frasco 60 gr","price":"3,16 €","pricePerUnit":"(52,67 €/Kg.)","imgUrl":"https://s0.dia.es/medias/hd4/he2/9484902170654.jpg"},{"title":"DANI pimienta de cayena molida frasco 45 gr","price":"1,94 €","pricePerUnit":"(43,11 €/Kg.)","imgUrl":"https://s2.dia.es/medias/hb1/h41/9484650676254.jpg"},{"title":"DANI pimienta negra grano frasco 45 gr","price":"1,83 €","pricePerUnit":"(40,67 €/Kg.)","imgUrl":"https://s0.dia.es/medias/hdf/h36/9484400001054.jpg"},{"title":"DANI sazonador con molinillo sabor italia frasco 40 gr","price":"2,80 €","pricePerUnit":"(70,00 €/Kg.)","imgUrl":"https://s1.dia.es/medias/he1/h1f/9392147988510.jpg"},{"title":"DANI sazonador con molinillo sabor marruecos frasco 40 gr","price":"2,80 €","pricePerUnit":"(70,00 €/Kg.)","imgUrl":"https://s0.dia.es/medias/he3/hd6/9392121446430.jpg"},{"title":"DIA ajo en polvo frasco 60 gr","price":"0,47 €","pricePerUnit":"(7,83 €/Kg.)","imgUrl":"https://s1.dia.es/medias/h41/h4c/8859404795934.png"},{"title":"DIA ajonjolí sésamo frasco 55 gr","price":"0,90 €","pricePerUnit":"(16,36 €/Kg.)","imgUrl":"https://s1.dia.es/medias/hc4/h48/8977109286942.jpg"},{"title":"DIA bicarbonato sódico bote 300 gr","price":"0,43 €","pricePerUnit":"(1,43 €/Kg.)","imgUrl":"https://s1.dia.es/medias/h04/h5f/9004995936286.jpg"},{"title":"DIA canela en rama frasco 15 gr","price":"0,70 €","pricePerUnit":"(46,67 €/Kg.)","imgUrl":"https://s0.dia.es/medias/ha8/hb2/8848165437470.png"},{"title":"DIA canela molida frasco 38 gr","price":"0,37 €","pricePerUnit":"(9,74 €/Kg.)","imgUrl":"https://s1.dia.es/medias/h8c/h85/9076116717598.jpg"},{"title":"DIA cebolla molida frasco 45 gr","price":"0,71 €","pricePerUnit":"(15,78 €/Kg.)","imgUrl":"https://s0.dia.es/medias/hdd/hed/8977018322974.jpg"},{"title":"DIA cilantro hojas frasco 8 gr","price":"1,00 €","pricePerUnit":"(100,00 €/Kg.)","imgUrl":"https://s0.dia.es/medias/h31/h9a/8977092247582.jpg"},{"title":"DIA colorante alimentario frasco 60 gr","price":"0,56 €","pricePerUnit":"(9,33 €/Kg.)","imgUrl":"https://s1.dia.es/medias/h3e/h54/8821866201118.png"},{"title":"DIA comino molido frasco 45 gr","price":"0,45 €","pricePerUnit":"(10,00 €/Kg.)","imgUrl":"https://s3.dia.es/medias/h28/h72/8848173826078.png"},{"title":"DIA curry en polvo bote 42 gr","price":"0,46 €","pricePerUnit":"(10,95 €/Kg.)","imgUrl":"https://s0.dia.es/medias/h61/h6a/9076080082974.jpg"},{"title":"DIA DELICIOUS escamas de sal marina frasco 125 gr","price":"2,44 €","pricePerUnit":"(19,52 €/Kg.)","imgUrl":"https://s0.dia.es/medias/hc3/h03/8823904337950.png"},{"title":"DIA DELICIOUS sal gruesa con molinillo frasco 100 gr","price":"1,55 €","pricePerUnit":"(15,50 €/Kg.)","imgUrl":"https://s3.dia.es/medias/he9/h5a/8977077370910.jpg"},{"title":"DIA DELICIOUS sal marina a la trufa y aceitunas negras frasco 200 gr","price":"2,82 €","pricePerUnit":"(14,10 €/Kg.)","imgUrl":"https://s1.dia.es/medias/h55/h37/8823832510494.png"},{"title":"DIA DELICIOUS sal rosa del himalaya frasco 200 gr","price":"2,35 €","pricePerUnit":"(11,75 €/Kg.)","imgUrl":"https://s2.dia.es/medias/h26/h3f/8872740421662.png"},{"title":"DIA eneldo hojas frasco 16 gr","price":"0,76 €","pricePerUnit":"(47,50 €/Kg.)","imgUrl":"https://s3.dia.es/medias/h8d/h64/8976993222686.jpg"},{"title":"DIA jengibre molido frasco 40 gr","price":"0,90 €","pricePerUnit":"(22,50 €/Kg.)","imgUrl":"https://s0.dia.es/medias/h0f/h63/8976984113182.jpg"},{"title":"DIA molinillo 4 pimientas frasco 40 gr","price":"1,12 €","pricePerUnit":"(28,00 €/Kg.)","imgUrl":"https://s0.dia.es/medias/h85/h5b/8977110597662.jpg"},{"title":"DIA orégano frasco 15 gr","price":"0,45 €","pricePerUnit":"(30,00 €/Kg.)","imgUrl":"https://s1.dia.es/medias/h25/h79/9076051705886.jpg"},{"title":"DIA perejil frasco 10 gr","price":"0,41 €","pricePerUnit":"(41,00 €/Kg.)","imgUrl":"https://s3.dia.es/medias/h85/hff/9076085325854.jpg"},{"title":"DIA pimienta blanca molida frasco 50 gr","price":"0,99 €","pricePerUnit":"(19,80 €/Kg.)","imgUrl":"https://s1.dia.es/medias/h14/hae/8977009999902.jpg"},{"title":"DIA pimienta negra molida frasco 50 gr","price":"0,65 €","pricePerUnit":"(13,00 €/Kg.)","imgUrl":"https://s2.dia.es/medias/h63/hf7/9076084998174.jpg"},{"title":"DIA sal de mesa fina paquete 1 Kg","price":"0,20 €","pricePerUnit":"(0,20 €/Kg.)","imgUrl":"https://s2.dia.es/medias/hf7/h03/8822006775838.png"},{"title":"DIA sal gruesa paquete 1 Kg","price":"0,19 €","pricePerUnit":"(0,19 €/Kg.)","imgUrl":"https://s1.dia.es/medias/h20/h5b/8822302146590.png"},{"title":"DIA sal marina de mesa frasco 250 gr","price":"0,36 €","pricePerUnit":"(1,44 €/Kg.)","imgUrl":"https://s1.dia.es/medias/ha4/h7c/8823954669598.png"},{"title":"DIA sal marina especial horneado paquete 2.5 Kg","price":"0,91 €","pricePerUnit":"(0,36 €/Kg.)","imgUrl":"https://s0.dia.es/medias/h97/h8e/8859468922910.png"},{"title":"DIA sal yodada paquete 1 Kg","price":"0,18 €","pricePerUnit":"(0,18 €/Kg.)","imgUrl":"https://s0.dia.es/medias/h59/h28/8822440558622.png"},{"title":"DIA sazonador para fajitas sobre 30 gr","price":"0,79 €","pricePerUnit":"(26,33 €/Kg.)","imgUrl":"https://s1.dia.es/medias/hcb/h72/8823894376478.png"},{"title":"DIA tomillo frasco 18 gr","price":"0,44 €","pricePerUnit":"(24,44 €/Kg.)","imgUrl":"https://s0.dia.es/medias/ha8/hc7/8859389788190.png"},{"title":"DUCROS colorante alimentario frasco 60 gr","price":"1,68 €","pricePerUnit":"(28,00 €/Kg.)","imgUrl":"https://s2.dia.es/medias/h29/hef/9280798687262.jpg"},{"title":"DUCROS comino molido tarro 28GRS","price":"1,68 €","pricePerUnit":"(60,00 €/Kg.)","imgUrl":"https://s0.dia.es/medias/h61/h17/8885424619550.png"},{"title":"DUCROS curcuma frasco 37 gr","price":"1,79 €","pricePerUnit":"(48,38 €/Kg.)","imgUrl":"https://s2.dia.es/medias/h03/h26/9004815319070.jpg"},{"title":"DUCROS curry tarro 42 g","price":"1,93 €","pricePerUnit":"(45,95 €/Kg.)","imgUrl":"https://s2.dia.es/medias/h16/hc7/9279151734814.jpg"},{"title":"DUCROS hierbas provenzales frasco 18 gr","price":"1,69 €","pricePerUnit":"(93,89 €/Kg.)","imgUrl":"https://s2.dia.es/medias/h12/h92/9280803012638.jpg"},{"title":"DUCROS sazonador ajo-pereji tarro 43 G","price":"1,68 €","pricePerUnit":"(39,07 €/Kg.)","imgUrl":"https://s1.dia.es/medias/h20/h45/8885703606302.png"},{"title":"ECOCESTA sal marina fina bio paquete 1 Kg","price":"1,49 €","pricePerUnit":"(1,49 €/Kg.)","imgUrl":"https://s2.dia.es/medias/h5a/hd2/9664521961502.jpg"},{"title":"EL REY DE LA VERA pimentón dulce lata 75 gr","price":"1,38 €","pricePerUnit":"(18,40 €/Kg.)","imgUrl":"https://s3.dia.es/medias/h54/h54/8834686189598.png"},{"title":"EL REY DE LA VERA pimentón picante lata 75 gr","price":"1,31 €","pricePerUnit":"(17,47 €/Kg.)","imgUrl":"https://s3.dia.es/medias/hc4/h72/8833965031454.png"},{"title":"FRESQUITA cebolla frita crujiente tarrina 100 gr","price":"1,29 €","pricePerUnit":"(12,90 €/Kg.)","imgUrl":"https://s1.dia.es/medias/h8c/h42/9054596169758.jpg"},{"title":"HIDA cebolla frita pack 2 latas 155 gr","price":"1,39 €","pricePerUnit":"(4,48 €/Kg.)","imgUrl":"https://s2.dia.es/medias/hfb/h8d/9120812498974.jpg"},{"title":"LA BALLENA sal marina fina paquete 1 Kg","price":"0,68 €","pricePerUnit":"(0,68 €/Kg.)","imgUrl":"https://s0.dia.es/medias/hf8/h33/9061738283038.jpg"},{"title":"LA DALIA pimentón de la vera lata 70 gr","price":"1,48 €","pricePerUnit":"(21,14 €/Kg.)","imgUrl":"https://s0.dia.es/medias/h53/h2c/8878271234078.png"},{"title":"MAGGI jugoso a la sartén hierbas sobre 23.4 gr","price":"0,94 €","pricePerUnit":"(0,94 €/ud.)","imgUrl":"https://s3.dia.es/medias/hb7/ha6/9579082448926.jpg"},{"title":"MAGGI jugoso al horno hierbas provenzales sobre 34 gr","price":"0,94 €","pricePerUnit":"(0,94 €/ud.)","imgUrl":"https://s3.dia.es/medias/h91/he0/9578223140894.jpg"},{"title":"MALDON escamas de sal marina caja 125 gr","price":"2,32 €","pricePerUnit":"(18,56 €/Kg.)","imgUrl":"https://s2.dia.es/medias/he1/h92/9491803242526.jpg"},{"title":"OLD EL PASO sazonador para fajitas sobre 30 gr","price":"1,09 €","pricePerUnit":"(36,33 €/Kg.)","imgUrl":"https://s3.dia.es/medias/hf1/hb5/9348746739742.jpg"},{"title":"POTE azafrán en hebras caja 0,4 gr","price":"2,99 €","pricePerUnit":"(7 475,00 €/Kg.)","imgUrl":"https://s0.dia.es/medias/h47/h75/9549970440222.jpg"},{"title":"POTE azafrán molido caja 4 sobres","price":"2,99 €","pricePerUnit":"(7 475,00 €/Kg.)","imgUrl":"https://s2.dia.es/medias/h47/h35/9550085259294.jpg"},{"title":"SAFRINA azafrán en hebras 0,375 gr","price":"1,99 €","pricePerUnit":"(5 306,67 €/Kg.)","imgUrl":"https://s1.dia.es/medias/h03/h26/8885830090782.jpg"},{"title":"TOQUE ESPECIAL cuba libre 3 botánicos estuche 57 gr","price":"4,05 €","pricePerUnit":"(71,05 €/Kg.)","imgUrl":"https://s1.dia.es/medias/h3f/hde/8906632691742.jpg"},{"title":"TOQUE ESPECIAL molinillo de pimientas frasco 45 gr","price":"2,53 €","pricePerUnit":"(56,22 €/Kg.)","imgUrl":"https://s3.dia.es/medias/hf8/h13/9046952247326.jpg"},{"title":"TOQUE ESPECIAL sal rosa del himalaya con molinillo frasco 105 gr","price":"2,05 €","pricePerUnit":"(19,52 €/Kg.)","imgUrl":"https://s2.dia.es/medias/hd6/h1c/9046950608926.jpg"}]},"sazonadores":{"categoryUrl":"/compra-online/productos/alimentacion/sal-especias-y-sazonadores/sazonadores/c/WEB.003.028.00219","products":[{"title":"CARMENCITA paellero sazonador para paella con azafrán caja 5 sobres","price":"1,40 €","pricePerUnit":"(70,00 €/Kg.)","imgUrl":"https://s1.dia.es/medias/h09/h77/9266840764446.jpg"},{"title":"DANI sazonador con molinillo sabor italia frasco 40 gr","price":"2,80 €","pricePerUnit":"(70,00 €/Kg.)","imgUrl":"https://s1.dia.es/medias/he1/h1f/9392147988510.jpg"},{"title":"DANI sazonador con molinillo sabor marruecos frasco 40 gr","price":"2,80 €","pricePerUnit":"(70,00 €/Kg.)","imgUrl":"https://s0.dia.es/medias/he3/hd6/9392121446430.jpg"},{"title":"DIA sazonador para fajitas sobre 30 gr","price":"0,79 €","pricePerUnit":"(26,33 €/Kg.)","imgUrl":"https://s1.dia.es/medias/hcb/h72/8823894376478.png"},{"title":"DUCROS sazonador ajo-pereji tarro 43 G","price":"1,68 €","pricePerUnit":"(39,07 €/Kg.)","imgUrl":"https://s1.dia.es/medias/h20/h45/8885703606302.png"},{"title":"MAGGI jugoso a la sartén hierbas sobre 23.4 gr","price":"0,94 €","pricePerUnit":"(0,94 €/ud.)","imgUrl":"https://s3.dia.es/medias/hb7/ha6/9579082448926.jpg"},{"title":"MAGGI jugoso al horno hierbas provenzales sobre 34 gr","price":"0,94 €","pricePerUnit":"(0,94 €/ud.)","imgUrl":"https://s3.dia.es/medias/h91/he0/9578223140894.jpg"},{"title":"OLD EL PASO sazonador para fajitas sobre 30 gr","price":"1,09 €","pricePerUnit":"(36,33 €/Kg.)","imgUrl":"https://s3.dia.es/medias/hf1/hb5/9348746739742.jpg"}]},"especias":{"categoryUrl":"/compra-online/productos/alimentacion/sal-especias-y-sazonadores/especias/c/WEB.003.028.00220","products":[{"title":"CARMECITA perejil frasco 12 gr","price":"1,39 €","pricePerUnit":"(115,83 €/Kg.)","imgUrl":"https://s2.dia.es/medias/h5c/hda/8878282702878.png"},{"title":"CARMENCITA ajo en polvo frasco 290 gr","price":"5,60 €","pricePerUnit":"(19,31 €/Kg.)","imgUrl":"https://s2.dia.es/medias/ha9/he6/9135238643742.jpg"},{"title":"CARMENCITA ajo en polvo frasco 60 gr","price":"1,79 €","pricePerUnit":"(29,83 €/Kg.)","imgUrl":"https://s1.dia.es/medias/h38/hb7/9131487756318.jpg"},{"title":"CARMENCITA albahaca frasco 16 gr","price":"1,39 €","pricePerUnit":"(86,88 €/Kg.)","imgUrl":"https://s0.dia.es/medias/hda/h4f/8878328512542.png"},{"title":"CARMENCITA azafrán en hebras caja 4 sobres","price":"3,29 €","pricePerUnit":"(8 225,00 €/Kg.)","imgUrl":"https://s1.dia.es/medias/h75/hba/8878373339166.png"},{"title":"CARMENCITA canela en rama frasco 18 gr","price":"1,79 €","pricePerUnit":"(99,44 €/Kg.)","imgUrl":"https://s2.dia.es/medias/h46/hb3/9131479564318.jpg"},{"title":"CARMENCITA canela en rama stick 5 gr","price":"0,65 €","pricePerUnit":"(130,00 €/Kg.)","imgUrl":"https://s2.dia.es/medias/h68/hc9/8877215809566.png"},{"title":"CARMENCITA canela molida frasco 40 gr","price":"1,39 €","pricePerUnit":"(34,75 €/Kg.)","imgUrl":"https://s2.dia.es/medias/h13/h97/9135238971422.jpg"},{"title":"CARMENCITA cayena guindillas frasco 16 gr","price":"1,34 €","pricePerUnit":"(83,75 €/Kg.)","imgUrl":"https://s3.dia.es/medias/hf3/h74/9138006949918.jpg"},{"title":"CARMENCITA colorante alimentario frasco 62 gr","price":"1,39 €","pricePerUnit":"(23,17 €/Kg.)","imgUrl":"https://s3.dia.es/medias/h3e/h50/9138010226718.jpg"},{"title":"CARMENCITA hierbabuena frasco 20 gr","price":"1,34 €","pricePerUnit":"(67,00 €/Kg.)","imgUrl":"https://s1.dia.es/medias/h6c/h72/8878463942686.png"},{"title":"CARMENCITA hojas de laurel sobre 8 gr","price":"1,05 €","pricePerUnit":"(131,25 €/Kg.)","imgUrl":"https://s3.dia.es/medias/h21/hd5/8877303889950.png"},{"title":"CARMENCITA nuez moscada molida frasco 50 gr","price":"2,45 €","pricePerUnit":"(490,00 €/Kg.)","imgUrl":"https://s3.dia.es/medias/h50/h12/9131489394718.jpg"},{"title":"CARMENCITA orégano frasco 35 gr","price":"2,99 €","pricePerUnit":"(85,43 €/Kg.)","imgUrl":"https://s2.dia.es/medias/h32/h70/9132851757086.jpg"},{"title":"CARMENCITA orégano frasco 7 gr","price":"1,39 €","pricePerUnit":"(173,75 €/Kg.)","imgUrl":"https://s0.dia.es/medias/hb4/hb1/9130825351198.jpg"},{"title":"CARMENCITA pimentón dulce lata 150 gr","price":"2,95 €","pricePerUnit":"(19,67 €/Kg.)","imgUrl":"https://s0.dia.es/medias/h67/hb0/8878440742942.png"},{"title":"CARMENCITA pimentón picante lata 75 gr","price":"1,89 €","pricePerUnit":"(25,20 €/Kg.)","imgUrl":"https://s2.dia.es/medias/hc2/h73/8878436450334.png"},{"title":"CARMENCITA pimienta blanca frasco 75 gr","price":"1,59 €","pricePerUnit":"(31,80 €/Kg.)","imgUrl":"https://s2.dia.es/medias/h54/h44/9130824761374.jpg"},{"title":"CARMENCITA pimienta negra frasco 50 gr","price":"2,90 €","pricePerUnit":"(58,00 €/Kg.)","imgUrl":"https://s2.dia.es/medias/ha9/h36/8878450311198.png"},{"title":"CARMENCITA pimientos dulces del cristal choriceros caja 75 gr","price":"2,00 €","pricePerUnit":"(26,67 €/Kg.)","imgUrl":"https://s3.dia.es/medias/h13/hc9/8878221033502.png"},{"title":"CARMENCITA popurrí de pimientas frasco 40 gr","price":"3,49 €","pricePerUnit":"(87,25 €/Kg.)","imgUrl":"https://s3.dia.es/medias/h57/h6a/8878319468574.png"},{"title":"CARMENCITA ñoras sobre 25 gr","price":"1,35 €","pricePerUnit":"(54,00 €/Kg.)","imgUrl":"https://s1.dia.es/medias/h23/h3d/8877216333854.png"},{"title":"DANI ajo y perejil frasco 120 gr","price":"3,65 €","pricePerUnit":"(30,42 €/Kg.)","imgUrl":"https://s1.dia.es/medias/h32/h71/8895193186334.png"},{"title":"DANI canela molida frasco 30 gr","price":"1,69 €","pricePerUnit":"(56,33 €/Kg.)","imgUrl":"https://s1.dia.es/medias/h99/h3b/9381787500574.jpg"},{"title":"DANI cebolla frita bolsa 115 gr","price":"1,09 €","pricePerUnit":"(9,48 €/Kg.)","imgUrl":"https://s3.dia.es/medias/h08/h44/9483522080798.jpg"},{"title":"DANI clavo en grano frasco 30 gr","price":"2,42 €","pricePerUnit":"(80,67 €/Kg.)","imgUrl":"https://s1.dia.es/medias/hf5/hf6/9381787828254.jpg"},{"title":"DANI hierbas provenza sobre 30 gr","price":"0,69 €","pricePerUnit":"(23,00 €/Kg.)","imgUrl":"https://s3.dia.es/medias/h6d/h19/8817151180830.png"},{"title":"DANI hoja de romero bolsa 40 gr","price":"0,70 €","pricePerUnit":"(17,50 €/Kg.)","imgUrl":"https://s2.dia.es/medias/h33/hc0/9483614879774.jpg"},{"title":"DANI mix pimientas con sal frasco 40 gr","price":"1,63 €","pricePerUnit":"(40,75 €/Kg.)","imgUrl":"https://s2.dia.es/medias/haf/h6a/8969142108190.jpg"},{"title":"DANI perejil hoja frasco 60 gr","price":"3,16 €","pricePerUnit":"(52,67 €/Kg.)","imgUrl":"https://s0.dia.es/medias/hd4/he2/9484902170654.jpg"},{"title":"DANI pimienta de cayena molida frasco 45 gr","price":"1,94 €","pricePerUnit":"(43,11 €/Kg.)","imgUrl":"https://s2.dia.es/medias/hb1/h41/9484650676254.jpg"},{"title":"DANI pimienta negra grano frasco 45 gr","price":"1,83 €","pricePerUnit":"(40,67 €/Kg.)","imgUrl":"https://s0.dia.es/medias/hdf/h36/9484400001054.jpg"},{"title":"DIA ajo en polvo frasco 60 gr","price":"0,47 €","pricePerUnit":"(7,83 €/Kg.)","imgUrl":"https://s1.dia.es/medias/h41/h4c/8859404795934.png"},{"title":"DIA ajonjolí sésamo frasco 55 gr","price":"0,90 €","pricePerUnit":"(16,36 €/Kg.)","imgUrl":"https://s1.dia.es/medias/hc4/h48/8977109286942.jpg"},{"title":"DIA bicarbonato sódico bote 300 gr","price":"0,43 €","pricePerUnit":"(1,43 €/Kg.)","imgUrl":"https://s1.dia.es/medias/h04/h5f/9004995936286.jpg"},{"title":"DIA canela en rama frasco 15 gr","price":"0,70 €","pricePerUnit":"(46,67 €/Kg.)","imgUrl":"https://s0.dia.es/medias/ha8/hb2/8848165437470.png"},{"title":"DIA canela molida frasco 38 gr","price":"0,37 €","pricePerUnit":"(9,74 €/Kg.)","imgUrl":"https://s1.dia.es/medias/h8c/h85/9076116717598.jpg"},{"title":"DIA cebolla molida frasco 45 gr","price":"0,71 €","pricePerUnit":"(15,78 €/Kg.)","imgUrl":"https://s0.dia.es/medias/hdd/hed/8977018322974.jpg"},{"title":"DIA cilantro hojas frasco 8 gr","price":"1,00 €","pricePerUnit":"(100,00 €/Kg.)","imgUrl":"https://s0.dia.es/medias/h31/h9a/8977092247582.jpg"},{"title":"DIA colorante alimentario frasco 60 gr","price":"0,56 €","pricePerUnit":"(9,33 €/Kg.)","imgUrl":"https://s1.dia.es/medias/h3e/h54/8821866201118.png"},{"title":"DIA comino molido frasco 45 gr","price":"0,45 €","pricePerUnit":"(10,00 €/Kg.)","imgUrl":"https://s3.dia.es/medias/h28/h72/8848173826078.png"},{"title":"DIA curry en polvo bote 42 gr","price":"0,46 €","pricePerUnit":"(10,95 €/Kg.)","imgUrl":"https://s0.dia.es/medias/h61/h6a/9076080082974.jpg"},{"title":"DIA eneldo hojas frasco 16 gr","price":"0,76 €","pricePerUnit":"(47,50 €/Kg.)","imgUrl":"https://s3.dia.es/medias/h8d/h64/8976993222686.jpg"},{"title":"DIA jengibre molido frasco 40 gr","price":"0,90 €","pricePerUnit":"(22,50 €/Kg.)","imgUrl":"https://s0.dia.es/medias/h0f/h63/8976984113182.jpg"},{"title":"DIA molinillo 4 pimientas frasco 40 gr","price":"1,12 €","pricePerUnit":"(28,00 €/Kg.)","imgUrl":"https://s0.dia.es/medias/h85/h5b/8977110597662.jpg"},{"title":"DIA orégano frasco 15 gr","price":"0,45 €","pricePerUnit":"(30,00 €/Kg.)","imgUrl":"https://s1.dia.es/medias/h25/h79/9076051705886.jpg"},{"title":"DIA perejil frasco 10 gr","price":"0,41 €","pricePerUnit":"(41,00 €/Kg.)","imgUrl":"https://s3.dia.es/medias/h85/hff/9076085325854.jpg"},{"title":"DIA pimienta blanca molida frasco 50 gr","price":"0,99 €","pricePerUnit":"(19,80 €/Kg.)","imgUrl":"https://s1.dia.es/medias/h14/hae/8977009999902.jpg"},{"title":"DIA pimienta negra molida frasco 50 gr","price":"0,65 €","pricePerUnit":"(13,00 €/Kg.)","imgUrl":"https://s2.dia.es/medias/h63/hf7/9076084998174.jpg"},{"title":"DIA tomillo frasco 18 gr","price":"0,44 €","pricePerUnit":"(24,44 €/Kg.)","imgUrl":"https://s0.dia.es/medias/ha8/hc7/8859389788190.png"},{"title":"DUCROS colorante alimentario frasco 60 gr","price":"1,68 €","pricePerUnit":"(28,00 €/Kg.)","imgUrl":"https://s2.dia.es/medias/h29/hef/9280798687262.jpg"},{"title":"DUCROS comino molido tarro 28GRS","price":"1,68 €","pricePerUnit":"(60,00 €/Kg.)","imgUrl":"https://s0.dia.es/medias/h61/h17/8885424619550.png"},{"title":"DUCROS curcuma frasco 37 gr","price":"1,79 €","pricePerUnit":"(48,38 €/Kg.)","imgUrl":"https://s2.dia.es/medias/h03/h26/9004815319070.jpg"},{"title":"DUCROS curry tarro 42 g","price":"1,93 €","pricePerUnit":"(45,95 €/Kg.)","imgUrl":"https://s2.dia.es/medias/h16/hc7/9279151734814.jpg"},{"title":"DUCROS hierbas provenzales frasco 18 gr","price":"1,69 €","pricePerUnit":"(93,89 €/Kg.)","imgUrl":"https://s2.dia.es/medias/h12/h92/9280803012638.jpg"},{"title":"EL REY DE LA VERA pimentón dulce lata 75 gr","price":"1,38 €","pricePerUnit":"(18,40 €/Kg.)","imgUrl":"https://s3.dia.es/medias/h54/h54/8834686189598.png"},{"title":"EL REY DE LA VERA pimentón picante lata 75 gr","price":"1,31 €","pricePerUnit":"(17,47 €/Kg.)","imgUrl":"https://s3.dia.es/medias/hc4/h72/8833965031454.png"},{"title":"FRESQUITA cebolla frita crujiente tarrina 100 gr","price":"1,29 €","pricePerUnit":"(12,90 €/Kg.)","imgUrl":"https://s1.dia.es/medias/h8c/h42/9054596169758.jpg"},{"title":"HIDA cebolla frita pack 2 latas 155 gr","price":"1,39 €","pricePerUnit":"(4,48 €/Kg.)","imgUrl":"https://s2.dia.es/medias/hfb/h8d/9120812498974.jpg"},{"title":"LA DALIA pimentón de la vera lata 70 gr","price":"1,48 €","pricePerUnit":"(21,14 €/Kg.)","imgUrl":"https://s0.dia.es/medias/h53/h2c/8878271234078.png"},{"title":"POTE azafrán en hebras caja 0,4 gr","price":"2,99 €","pricePerUnit":"(7 475,00 €/Kg.)","imgUrl":"https://s0.dia.es/medias/h47/h75/9549970440222.jpg"},{"title":"POTE azafrán molido caja 4 sobres","price":"2,99 €","pricePerUnit":"(7 475,00 €/Kg.)","imgUrl":"https://s2.dia.es/medias/h47/h35/9550085259294.jpg"},{"title":"SAFRINA azafrán en hebras 0,375 gr","price":"1,99 €","pricePerUnit":"(5 306,67 €/Kg.)","imgUrl":"https://s1.dia.es/medias/h03/h26/8885830090782.jpg"},{"title":"TOQUE ESPECIAL cuba libre 3 botánicos estuche 57 gr","price":"4,05 €","pricePerUnit":"(71,05 €/Kg.)","imgUrl":"https://s1.dia.es/medias/h3f/hde/8906632691742.jpg"},{"title":"TOQUE ESPECIAL molinillo de pimientas frasco 45 gr","price":"2,53 €","pricePerUnit":"(56,22 €/Kg.)","imgUrl":"https://s3.dia.es/medias/hf8/h13/9046952247326.jpg"}]}},"salsas":{"name":"Salsas","productTypes":["all-i-oli","bechamel","brava-barbacoa-y-rosa","mayonesa","mostaza","ketchup","para-carne","para-pastas","picantes-y-otras","soja","tomate-frito","otras-salsas","salsas-para-preparar"],"all-i-oli":{"categoryUrl":"/compra-online/productos/alimentacion/salsas/all-i-oli/c/WEB.003.029.00221","products":[{"title":"CHOVI salsa ali oli estilo casero tarro 150g","price":"0,80 €","pricePerUnit":"(5,33 €/l.)","imgUrl":"https://s2.dia.es/medias/ha1/h67/9491020808222.jpg"},{"title":"DIA salsa fina con ajo bote 300 ml","price":"1,02 €","pricePerUnit":"(3,40 €/l.)","imgUrl":"https://s3.dia.es/medias/h8c/hbb/9610259398686.jpg"},{"title":"YBARRA salsa ali-oli FRASCO 225ML","price":"1,00 €","pricePerUnit":"(4,44 €/l.)","imgUrl":"https://s1.dia.es/medias/h12/hd8/9536021561374.jpg"}]},"bechamel":{"categoryUrl":"/compra-online/productos/alimentacion/salsas/bechamel/c/WEB.003.029.00222","products":[{"title":"DIA salsa bechamel envase 500 ml","price":"1,69 €","pricePerUnit":"(3,38 €/l.)","imgUrl":"https://s1.dia.es/medias/h96/h54/8823187079198.png"},{"title":"GALLINA BLANCA salsa bechamel sobre 39 gr","price":"1,00 €","pricePerUnit":"(25,64 €/l.)","imgUrl":"https://s1.dia.es/medias/h4b/h5a/8879558098974.png"},{"title":"KNORR salsa bechamel envase 500 ml","price":"2,03 €","pricePerUnit":"(4,06 €/l.)","imgUrl":"https://s2.dia.es/medias/h6e/h29/9645308903454.jpg"}]},"brava-barbacoa-y-rosa":{"categoryUrl":"/compra-online/productos/alimentacion/salsas/brava-barbacoa-y-rosa/c/WEB.003.029.00223","products":[{"title":"CALVE salsa rosa frasco 230 ml","price":"1,05 €","pricePerUnit":"(4,57 €/l.)","imgUrl":"https://s0.dia.es/medias/h04/hf7/9669894504478.jpg"},{"title":"DIA salsa barbacoa bote 300 ml","price":"0,85 €","pricePerUnit":"(2,83 €/l.)","imgUrl":"https://s3.dia.es/medias/hb7/h04/8823076978718.png"},{"title":"DIA salsa brava botella 340 ml","price":"0,87 €","pricePerUnit":"(2,64 €/Kg.)","imgUrl":"https://s2.dia.es/medias/he5/h1a/8824025448478.png"},{"title":"DIA salsa cocktail frasco 225 gr","price":"0,76 €","pricePerUnit":"(3,38 €/Kg.)","imgUrl":"https://s1.dia.es/medias/h70/h2e/9004922339358.jpg"},{"title":"HEINZ salsa barbacoa clásica bote 400 ml","price":"2,99 €","pricePerUnit":"(7,48 €/l.)","imgUrl":"https://s2.dia.es/medias/hc0/h30/8970529931294.jpg"},{"title":"MARY LEE salsa bbq bote 340 ml","price":"4,25 €","pricePerUnit":"(12,50 €/l.)","imgUrl":"https://s3.dia.es/medias/h11/h3a/9621207842846.jpg"},{"title":"YBARRA salsa cocktail FRASCO 225ML","price":"0,92 €","pricePerUnit":"(4,09 €/l.)","imgUrl":"https://s3.dia.es/medias/h84/h65/9536244908062.jpg"}]},"mayonesa":{"categoryUrl":"/compra-online/productos/alimentacion/salsas/mayonesa/c/WEB.003.029.00224","products":[{"title":"CALVE mayonesa casera boca abajo bote 400 ml","price":"1,99 €","pricePerUnit":"(4,98 €/l.)","imgUrl":"https://s1.dia.es/medias/h64/hc7/9669958139934.jpg"},{"title":"CALVE mayonesa casera frasco 225 gr","price":"1,19 €","pricePerUnit":"(5,48 €/l.)","imgUrl":"https://s1.dia.es/medias/hb0/h8d/9669957812254.jpg"},{"title":"CALVE mayonesa casera frasco 430 ml","price":"1,59 €","pricePerUnit":"(3,70 €/l.)","imgUrl":"https://s3.dia.es/medias/h6b/hdc/9669918490654.jpg"},{"title":"CALVE mayonesa tarro 450 gr","price":"1,75 €","pricePerUnit":"(3,89 €/l.)","imgUrl":"https://s3.dia.es/medias/h8f/he4/9678766997534.jpg"},{"title":"CASINO BIO mayonesa frasco 238 gr","price":"2,61 €","pricePerUnit":"(10,97 €/Kg.)","imgUrl":"https://s2.dia.es/medias/h4b/hef/9327525101598.jpg"},{"title":"DIA mayonesa bocaabajo bote 500 ml","price":"1,21 €","pricePerUnit":"(2,42 €/l.)","imgUrl":"https://s0.dia.es/medias/hca/hba/8894339776542.png"},{"title":"DIA mayonesa frasco 450 ml","price":"0,87 €","pricePerUnit":"(1,93 €/l.)","imgUrl":"https://s2.dia.es/medias/h16/hbb/9683299958814.jpg"},{"title":"DIA mayonesa top-down bote 300 ml","price":"0,96 €","pricePerUnit":"(3,20 €/l.)","imgUrl":"https://s2.dia.es/medias/h9f/h85/9683302252574.jpg"},{"title":"DIA salsa ligera frasco 450 ml","price":"0,77 €","pricePerUnit":"(1,71 €/l.)","imgUrl":"https://s1.dia.es/medias/h30/hd7/9647229141022.jpg"},{"title":"HEINZ mayonesa con huevos camperos bote 220 ml","price":"1,49 €","pricePerUnit":"(6,77 €/l.)","imgUrl":"https://s0.dia.es/medias/ha5/hf7/9139272908830.jpg"},{"title":"HEINZ mayonesa frasco 460 gr","price":"2,13 €","pricePerUnit":"(4,63 €/Kg.)","imgUrl":"https://s2.dia.es/medias/h97/ha0/9139244924958.jpg"},{"title":"HEINZ mayonesa light frasco 490 gr","price":"2,13 €","pricePerUnit":"(4,35 €/Kg.)","imgUrl":"https://s0.dia.es/medias/h0b/hf9/9139246891038.jpg"},{"title":"HELLMANN'S mayonesa bote 430 ml","price":"2,29 €","pricePerUnit":"(5,33 €/l.)","imgUrl":"https://s3.dia.es/medias/h2c/h9d/9675361976350.jpg"},{"title":"HELLMANN'S mayonesa frasco 225 ml","price":"1,15 €","pricePerUnit":"(5,11 €/l.)","imgUrl":"https://s3.dia.es/medias/hc0/h00/9683271385118.jpg"},{"title":"HELLMANN'S mayonesa frasco 450 ml","price":"1,76 €","pricePerUnit":"(3,91 €/l.)","imgUrl":"https://s1.dia.es/medias/h0d/hf7/9675361320990.jpg"},{"title":"LIGERESA salsa bocabajo bote 225 ml","price":"1,50 €","pricePerUnit":"(6,67 €/l.)","imgUrl":"https://s3.dia.es/medias/hfd/h22/9617013571614.jpg"},{"title":"LIGERESA salsa fina TARRO 415ML","price":"1,85 €","pricePerUnit":"(4,46 €/l.)","imgUrl":"https://s1.dia.es/medias/hcb/ha6/9542474792990.jpg"},{"title":"LIGERESA salsa ligeresa frasco 225 ml","price":"1,25 €\n\t\t\t\t\t\t\t1,00 €","pricePerUnit":"(5,56 €/l.)\n\t\t\t\t\t\t\t (4,44 €/l.)","imgUrl":"https://s0.dia.es/medias/hf9/h8e/9677935804446.jpg"},{"title":"LIGERESA salsa top down BOTELLA 430ML","price":"1,85 €","pricePerUnit":"(4,30 €/l.)","imgUrl":"https://s3.dia.es/medias/h0a/hbe/9542474072094.jpg"},{"title":"MUSA mayonesa frasco 450 ml","price":"1,59 €","pricePerUnit":"(3,53 €/l.)","imgUrl":"https://s2.dia.es/medias/h2a/hbb/9131495948318.jpg"},{"title":"PRIMA mayonesa monodosis BOLSA 140ML","price":"1,33 €","pricePerUnit":"(8,87 €/l.)","imgUrl":"https://s2.dia.es/medias/h4b/h7a/9263146696734.jpg"},{"title":"YBARRA mayonesa bote 400 ml","price":"1,35 €","pricePerUnit":"(3,38 €/l.)","imgUrl":"https://s1.dia.es/medias/h01/ha7/9537110671390.jpg"},{"title":"YBARRA mayonesa FRASCO 225ML","price":"1,00 €","pricePerUnit":"(4,44 €/l.)","imgUrl":"https://s3.dia.es/medias/h17/h69/9536322371614.jpg"},{"title":"YBARRA mayonesa TARRO 400ML","price":"1,35 €","pricePerUnit":"(3,38 €/l.)","imgUrl":"https://s1.dia.es/medias/h56/h46/9535873384478.jpg"},{"title":"YBARRA mayonesa TARRO 750ML","price":"2,59 €","pricePerUnit":"(3,45 €/l.)","imgUrl":"https://s2.dia.es/medias/h2d/haf/9536286654494.jpg"},{"title":"YBARRA salsa especial para ensaladillas tarro 450 ml","price":"1,35 €","pricePerUnit":"(3,00 €/l.)","imgUrl":"https://s2.dia.es/medias/h3f/h51/9535733661726.jpg"},{"title":"YBARRA salsa ligera bote 400 ml","price":"1,38 €","pricePerUnit":"(3,45 €/l.)","imgUrl":"https://s3.dia.es/medias/h56/hb7/9535842189342.jpg"}]},"mostaza":{"categoryUrl":"/compra-online/productos/alimentacion/salsas/mostaza/c/WEB.003.029.00225","products":[{"title":"DIA DELICIOUS mostaza a l'ancienne tarro 205 gr","price":"1,76 €","pricePerUnit":"(8,59 €/Kg.)","imgUrl":"https://s1.dia.es/medias/hae/hd9/8823818879006.png"},{"title":"DIA mostaza americana bote 300 gr","price":"0,87 €","pricePerUnit":"(2,90 €/Kg.)","imgUrl":"https://s3.dia.es/medias/h5e/had/9025629421598.jpg"},{"title":"DIA mostaza barrilito BOTE 300ML","price":"0,60 €","pricePerUnit":"(2,00 €/Kg.)","imgUrl":"https://s1.dia.es/medias/h9e/h67/8823016095774.png"},{"title":"DIA mostaza de Dijón frasco 215 gr","price":"1,49 €","pricePerUnit":"(6,93 €/Kg.)","imgUrl":"https://s3.dia.es/medias/h12/h49/9115249967134.jpg"},{"title":"HEINZ mostaza suave bote 220 ml","price":"1,58 €","pricePerUnit":"(7,18 €/l.)","imgUrl":"https://s2.dia.es/medias/h21/hab/8958734565406.jpg"},{"title":"HELLMANN'S mostaza americana bote 250 ml","price":"1,55 €","pricePerUnit":"(5,96 €/l.)","imgUrl":"https://s3.dia.es/medias/hc6/hb6/9672855027742.jpg"},{"title":"MAILLE mostaza a la miel frasco 230 gr","price":"2,39 €","pricePerUnit":"(10,39 €/Kg.)","imgUrl":"https://s1.dia.es/medias/hc1/h85/9263160197150.jpg"},{"title":"MAILLE mostaza dijon original tarro 215 gr","price":"2,42 €","pricePerUnit":"(11,26 €/Kg.)","imgUrl":"https://s1.dia.es/medias/hcb/h35/9263143419934.jpg"},{"title":"MAILLE mostaza frasco 210 gr","price":"2,39 €","pricePerUnit":"(11,38 €/Kg.)","imgUrl":"https://s2.dia.es/medias/hde/hb9/8879422603294.png"},{"title":"PRIMA mostaza americana BOTELLA 300GR","price":"1,39 €","pricePerUnit":"(4,21 €/Kg.)","imgUrl":"https://s0.dia.es/medias/hb0/h3e/9263156264990.jpg"},{"title":"SALSAS ASTURIANAS mostaza con miel frasco 210 gr","price":"2,10 €","pricePerUnit":"(10,00 €/Kg.)","imgUrl":"https://s3.dia.es/medias/h17/h2a/8956516302878.png"}]},"ketchup":{"categoryUrl":"/compra-online/productos/alimentacion/salsas/ketchup/c/WEB.003.029.00226","products":[{"title":"DIA ketchup bote 560 gr","price":"0,79 €","pricePerUnit":"(1,41 €/Kg.)","imgUrl":"https://s1.dia.es/medias/h30/h4e/9667530358814.jpg"},{"title":"DIA ketchup light bote 540 gr","price":"0,88 €","pricePerUnit":"(1,63 €/Kg.)","imgUrl":"https://s3.dia.es/medias/he1/h4b/9667527737374.jpg"},{"title":"HEINZ ketchup bote 250 gr","price":"1,50 €","pricePerUnit":"(6,00 €/Kg.)","imgUrl":"https://s0.dia.es/medias/hef/h43/9034756358174.jpg"},{"title":"HEINZ ketchup bote 450 gr","price":"1,93 €","pricePerUnit":"(4,29 €/Kg.)","imgUrl":"https://s0.dia.es/medias/hd6/h14/9034792075294.jpg"},{"title":"HEINZ ketchup light bote 330 gr","price":"1,85 €","pricePerUnit":"(5,61 €/Kg.)","imgUrl":"https://s0.dia.es/medias/he6/h15/9158144000030.jpg"},{"title":"HEINZ ketchup light botella 550 gr","price":"2,75 €","pricePerUnit":"(5,00 €/Kg.)","imgUrl":"https://s1.dia.es/medias/h12/h24/9560758878238.jpg"},{"title":"HELLMANN'S ketchup bote 430 ml","price":"1,75 €","pricePerUnit":"(3,60 €/Kg.)","imgUrl":"https://s2.dia.es/medias/h8e/hd3/9678767652894.jpg"},{"title":"HELLMANN'S ketchup con miel bote 430 ml","price":"2,39 €","pricePerUnit":"(5,10 €/Kg.)","imgUrl":"https://s2.dia.es/medias/h95/hf8/9545325903902.jpg"},{"title":"ORLANDO ketchup bote 265 gr","price":"0,93 €","pricePerUnit":"(3,51 €/Kg.)","imgUrl":"https://s2.dia.es/medias/h08/hc8/8970525671454.jpg"},{"title":"ORLANDO ketchup bote 455 gr","price":"1,32 €","pricePerUnit":"(2,90 €/Kg.)","imgUrl":"https://s1.dia.es/medias/h39/h67/8970530586654.jpg"},{"title":"PRIMA ketchup clasico BOTELLA 600GR","price":"1,88 €","pricePerUnit":"(3,13 €/Kg.)","imgUrl":"https://s0.dia.es/medias/h95/h6d/9263141781534.jpg"},{"title":"PRIMA ketchup monodosis bolsa 15 uds","price":"1,35 €","pricePerUnit":"(9,00 €/Kg.)","imgUrl":"https://s1.dia.es/medias/h59/h25/8879286157342.png"}]},"para-carne":{"categoryUrl":"/compra-online/productos/alimentacion/salsas/para-carne/c/WEB.003.029.00227","products":[{"title":"BARILLA salsa bolognese frasco 400 gr","price":"2,35 €","pricePerUnit":"(5,88 €/Kg.)","imgUrl":"https://s3.dia.es/medias/h65/h4e/8979741212702.jpg"},{"title":"EL ARGENTINO salsa chimichurri clásico bote 310 ml","price":"2,59 €","pricePerUnit":"(8,93 €/Kg.)","imgUrl":"https://s1.dia.es/medias/hd3/he5/8879344222238.png"},{"title":"EL ARGENTINO salsa chimichurri picante bote 106 gr","price":"1,35 €","pricePerUnit":"(12,74 €/Kg.)","imgUrl":"https://s3.dia.es/medias/h77/h93/8879528738846.png"}]},"para-pastas":{"categoryUrl":"/compra-online/productos/alimentacion/salsas/para-pastas/c/WEB.003.029.00229","products":[{"title":"DIA salsa 4 quesos bolsa 140 gr","price":"1,00 €","pricePerUnit":"(7,14 €/Kg.)","imgUrl":"https://s0.dia.es/medias/h99/hc3/8897426882590.png"},{"title":"DIA salsa carbonara frasco 260 gr","price":"0,99 €","pricePerUnit":"(3,81 €/Kg.)","imgUrl":"https://s2.dia.es/medias/h67/h82/9647238316062.jpg"},{"title":"GALLO salsa boloñesa tarro 400 gr","price":"1,79 €","pricePerUnit":"(4,31 €/Kg.)","imgUrl":"https://s1.dia.es/medias/h50/h24/9077000798238.jpg"},{"title":"RANA salsa de quesos italianos frasco 180 gr","price":"2,09 €","pricePerUnit":"(11,61 €/Kg.)","imgUrl":"https://s1.dia.es/medias/h5c/h65/9572817305630.jpg"}]},"picantes-y-otras":{"categoryUrl":"/compra-online/productos/alimentacion/salsas/picantes-y-otras/c/WEB.003.029.00230","products":[{"title":"LA COSTEÑA salsa mexicana verde lata 220 gr","price":"1,55 €","pricePerUnit":"(7,05 €/Kg.)","imgUrl":"https://s3.dia.es/medias/h31/h2f/9677916602398.jpg"},{"title":"TABASCO salsa picante BOTELLA 60 ML","price":"2,60 €","pricePerUnit":"(43,33 €/l.)","imgUrl":"https://s2.dia.es/medias/h88/h03/9263155609630.jpg"}]},"soja":{"categoryUrl":"/compra-online/productos/alimentacion/salsas/soja/c/WEB.003.029.00231","products":[{"title":"DIA salsa de soja bote 200 ml","price":"1,05 €","pricePerUnit":"(5,25 €/l.)","imgUrl":"https://s3.dia.es/medias/h87/h86/8894442635294.png"},{"title":"HEINZ salsa de soja botella 150 ml","price":"1,49 €","pricePerUnit":"(9,93 €/l.)","imgUrl":"https://s3.dia.es/medias/h7b/h30/9034805182494.jpg"},{"title":"KIKKOMAN salsa de soja con menos sal botella 250 ml","price":"3,13 €","pricePerUnit":"(12,52 €/l.)","imgUrl":"https://s0.dia.es/medias/h17/h59/9327555411998.jpg"},{"title":"KIKOMAN salsa de soja botella 250 ml","price":"3,13 €","pricePerUnit":"(12,52 €/l.)","imgUrl":"https://s0.dia.es/medias/h8d/h9b/9263159541790.jpg"}]},"tomate-frito":{"categoryUrl":"/compra-online/productos/alimentacion/salsas/tomate-frito/c/WEB.003.029.00232","products":[{"title":"BARILLA salsa bolognese frasco 400 gr","price":"2,35 €","pricePerUnit":"(5,88 €/Kg.)","imgUrl":"https://s3.dia.es/medias/h65/h4e/8979741212702.jpg"},{"title":"CASINO BIO salsa de tomate con aceite de oliva frasco 200 gr","price":"0,99 €","pricePerUnit":"(4,95 €/Kg.)","imgUrl":"https://s0.dia.es/medias/hcb/ha2/9327489646622.jpg"},{"title":"DIA tomate frito casero frasco 350 gr","price":"0,86 €","pricePerUnit":"(2,46 €/Kg.)","imgUrl":"https://s0.dia.es/medias/hcb/h5c/8822346711070.png"},{"title":"DIA tomate frito con aceite de oliva pack 3 unidades 390 gr","price":"1,71 €","pricePerUnit":"(1,46 €/Kg.)","imgUrl":"https://s3.dia.es/medias/hb4/h09/8823720837150.png"},{"title":"DIA tomate frito con cebolla frasco 350 gr","price":"0,95 €","pricePerUnit":"(2,71 €/Kg.)","imgUrl":"https://s3.dia.es/medias/h08/hde/8984078549022.jpg"},{"title":"DIA tomate frito frasco 550 gr","price":"0,60 €","pricePerUnit":"(1,09 €/Kg.)","imgUrl":"https://s2.dia.es/medias/hb0/h97/9370311589918.jpg"},{"title":"DIA tomate frito pack 3 unidades 215 gr","price":"0,85 €","pricePerUnit":"(1,32 €/Kg.)","imgUrl":"https://s2.dia.es/medias/hf4/h90/8822070935582.png"},{"title":"DIA tomate frito pack 3 unidades 390 gr","price":"0,99 €","pricePerUnit":"(0,85 €/Kg.)","imgUrl":"https://s2.dia.es/medias/hf9/hf7/8824014962718.png"},{"title":"HELIOS tomate frito con aceite de oliva frasco 560 gr","price":"1,55 €","pricePerUnit":"(2,77 €/Kg.)","imgUrl":"https://s1.dia.es/medias/h8e/h5d/9662414028830.jpg"},{"title":"HELIOS tomate frito frasco 570 gr","price":"1,15 €","pricePerUnit":"(2,02 €/Kg.)","imgUrl":"https://s1.dia.es/medias/h52/ha9/9662512201758.jpg"},{"title":"HIDA tomate frito casero lata 340GR","price":"1,05 €","pricePerUnit":"(3,09 €/Kg.)","imgUrl":"https://s0.dia.es/medias/h44/h89/9120809222174.jpg"},{"title":"IBSA fritada de tomate frasco 400 gr","price":"1,10 €","pricePerUnit":"(2,75 €/Kg.)","imgUrl":"https://s0.dia.es/medias/h4c/hb1/8979829817374.jpg"},{"title":"IBSA tomate caramelizado frasco 240 gr","price":"1,55 €","pricePerUnit":"(6,46 €/Kg.)","imgUrl":"https://s2.dia.es/medias/ha6/hf9/8979793903646.jpg"},{"title":"IBSA tomate frito con aceite de oliva frasco 530 gr","price":"1,69 €","pricePerUnit":"(3,19 €/Kg.)","imgUrl":"https://s1.dia.es/medias/hfc/h61/9163132403742.jpg"},{"title":"ORLANDO tomate frito 0,0 sin sal ni azúcares envase 350 gr","price":"0,95 €","pricePerUnit":"(2,71 €/Kg.)","imgUrl":"https://s3.dia.es/medias/hb8/h7d/9613931806750.jpg"},{"title":"ORLANDO tomate frito con aceite de oliva frasco 500 gr","price":"1,75 €","pricePerUnit":"(3,50 €/Kg.)","imgUrl":"https://s2.dia.es/medias/h7c/hf2/9613800472606.jpg"},{"title":"ORLANDO tomate frito con aceite de oliva pack 3 unidades 212 gr","price":"1,95 €","pricePerUnit":"(3,07 €/Kg.)","imgUrl":"https://s1.dia.es/medias/h17/h2a/9633904099358.jpg"},{"title":"ORLANDO tomate frito con aceite oliva envase 350 gr","price":"0,90 €","pricePerUnit":"(2,57 €/Kg.)","imgUrl":"https://s3.dia.es/medias/hb3/hd5/9633864646686.jpg"},{"title":"ORLANDO tomate frito envase 350 gr","price":"0,64 €","pricePerUnit":"(1,83 €/Kg.)","imgUrl":"https://s0.dia.es/medias/h56/h1b/9618986434590.jpg"},{"title":"ORLANDO tomate frito envase 780 gr","price":"1,18 €","pricePerUnit":"(1,51 €/Kg.)","imgUrl":"https://s3.dia.es/medias/hae/hfd/9619005440030.jpg"},{"title":"ORLANDO tomate frito lata 410 gr","price":"0,82 €","pricePerUnit":"(2,00 €/Kg.)","imgUrl":"https://s3.dia.es/medias/h4a/h5a/9613803749406.jpg"},{"title":"ORLANDO tomate frito pack 3 unidades 212 gr","price":"1,29 €","pricePerUnit":"(2,03 €/Kg.)","imgUrl":"https://s2.dia.es/medias/hbc/hfd/9612932022302.jpg"},{"title":"SOLIS tomate frito casero ecológico tarro 350 gr","price":"2,19 €","pricePerUnit":"(6,26 €/Kg.)","imgUrl":"https://s0.dia.es/medias/hb1/h86/9579075829790.jpg"},{"title":"SOLIS tomate frito casero envase 350 gr","price":"1,03 €","pricePerUnit":"(2,94 €/Kg.)","imgUrl":"https://s3.dia.es/medias/hbd/hf6/9676156764190.jpg"},{"title":"SOLIS tomate frito envase 350 gr","price":"0,61 €","pricePerUnit":"(1,74 €/Kg.)","imgUrl":"https://s2.dia.es/medias/h83/he4/9578231332894.jpg"},{"title":"SOLIS tomate frito estilo casero lata  pack 3x100 gr","price":"1,47 €","pricePerUnit":"(4,90 €/Kg.)","imgUrl":"https://s3.dia.es/medias/h96/h89/9637813911582.jpg"},{"title":"SOLIS tomate frito frasco 2X460","price":"1,75 €","pricePerUnit":"(1,90 €/Kg.)","imgUrl":"https://s0.dia.es/medias/h80/hf5/9578414047262.jpg"},{"title":"SOLIS tomate frito frasco 360GR","price":"0,84 €","pricePerUnit":"(2,33 €/Kg.)","imgUrl":"https://s2.dia.es/medias/h76/h94/9578244440094.jpg"},{"title":"VALMASERA tomate frito casero bio frasco 300 gr","price":"1,90 €","pricePerUnit":"(6,33 €/Kg.)","imgUrl":"https://s0.dia.es/medias/he8/h44/9640363851806.jpg"}]},"otras-salsas":{"categoryUrl":"/compra-online/productos/alimentacion/salsas/otras-salsas/c/WEB.003.029.00233","products":[{"title":"CASINO BIO salsa pesto frasco 190 gr","price":"1,99 €","pricePerUnit":"(10,47 €/Kg.)","imgUrl":"https://s0.dia.es/medias/h63/h61/9327521005598.jpg"},{"title":"DIA DELICIOUS salsa 5 pimientas frasco 190 gr","price":"2,09 €","pricePerUnit":"(11,00 €/Kg.)","imgUrl":"https://s3.dia.es/medias/h4a/h3a/9670937083934.jpg"},{"title":"DIA DELICIOUS salsa pedro ximenéz con pasas fraco 215 gr","price":"2,09 €","pricePerUnit":"(9,72 €/Kg.)","imgUrl":"https://s0.dia.es/medias/h81/h9a/9670937739294.jpg"},{"title":"DIA salsa 4 quesos bolsa 140 gr","price":"1,00 €","pricePerUnit":"(7,14 €/Kg.)","imgUrl":"https://s0.dia.es/medias/h99/hc3/8897426882590.png"},{"title":"DIA salsa césar botella 300 ml","price":"1,15 €","pricePerUnit":"(3,83 €/l.)","imgUrl":"https://s3.dia.es/medias/hb9/h7b/9610255007774.jpg"},{"title":"DIA salsa de setas bolsa 140 gr","price":"0,98 €","pricePerUnit":"(7,00 €/Kg.)","imgUrl":"https://s0.dia.es/medias/ha5/hac/8897296203806.png"},{"title":"DIA salsa de yogur bote 300 ml","price":"1,11 €","pricePerUnit":"(3,70 €/l.)","imgUrl":"https://s1.dia.es/medias/hda/h2a/9683303563294.jpg"},{"title":"DIA salsa para hamburguesas bote 320 gr","price":"1,19 €","pricePerUnit":"(3,72 €/Kg.)","imgUrl":"https://s0.dia.es/medias/h6b/h27/9569480671262.jpg"},{"title":"GALLINA BLANCA sofrito tomate y cebolla frasco 350GR","price":"1,57 €","pricePerUnit":"(4,49 €/Kg.)","imgUrl":"https://s2.dia.es/medias/hd8/h3b/9621701361694.jpg"},{"title":"GALLO pesto frasco 190 gr","price":"1,79 €","pricePerUnit":"(9,42 €/Kg.)","imgUrl":"https://s0.dia.es/medias/h46/ha6/9603963551774.jpg"},{"title":"GAROFALO salsa pesto genoves frasco 190 gr","price":"2,99 €","pricePerUnit":"(15,74 €/Kg.)","imgUrl":"https://s1.dia.es/medias/he8/hd8/9390395785246.jpg"},{"title":"HEINZ salsa curry con mango bote 220 ml","price":"1,85 €","pricePerUnit":"(8,41 €/l.)","imgUrl":"https://s0.dia.es/medias/h27/h22/9603928490014.jpg"},{"title":"HEINZ salsa de yoghurt bote 405 gr","price":"2,15 €","pricePerUnit":"(5,31 €/Kg.)","imgUrl":"https://s3.dia.es/medias/hed/h97/9034807803934.jpg"},{"title":"HELLMANN´S salsa para patatas deluxe bote 250 ml","price":"1,55 €","pricePerUnit":"(6,20 €/l.)","imgUrl":"https://s1.dia.es/medias/hdb/hd6/9547224809502.jpg"},{"title":"KIKKOMAN salsa teriyaki botella 250 ml","price":"4,00 €","pricePerUnit":"(16,00 €/l.)","imgUrl":"https://s3.dia.es/medias/h39/h4d/9263150301214.jpg"},{"title":"MARY LEE salsa steak bote 284 ml","price":"3,85 €","pricePerUnit":"(13,56 €/l.)","imgUrl":"https://s3.dia.es/medias/h79/h5a/9621193097246.jpg"},{"title":"PATAKS tikka masala salsa curry frasco 350 gr","price":"2,60 €","pricePerUnit":"(7,43 €/Kg.)","imgUrl":"https://s2.dia.es/medias/h07/h33/9115233255454.jpg"},{"title":"RANA salsa pesto frasco 140 gr","price":"2,09 €","pricePerUnit":"(14,93 €/Kg.)","imgUrl":"https://s2.dia.es/medias/h15/h76/9532114927646.jpg"},{"title":"SALSAS ASTURIANAS salsa de boletus frasco 190 gr","price":"2,14 €","pricePerUnit":"(11,26 €/Kg.)","imgUrl":"https://s0.dia.es/medias/h63/h87/9086786142238.jpg"},{"title":"SALSAS ASTURIANAS salsa de queso cabrales frasco 215 gr","price":"2,14 €","pricePerUnit":"(9,95 €/Kg.)","imgUrl":"https://s3.dia.es/medias/h8d/ha2/8923335000094.jpg"},{"title":"Yang-Tse salsa agridulce frasco 200 gr","price":"1,45 €","pricePerUnit":"(7,25 €/Kg.)","imgUrl":"https://s2.dia.es/medias/h1c/h0f/8898255487006.jpg"}]},"salsas-para-preparar":{"categoryUrl":"/compra-online/productos/alimentacion/salsas/salsas-para-preparar/c/WEB.003.029.00234","products":[{"title":"GALLINA BLANCA salsa chilindron SOBRE 52GRS","price":"1,30 €","pricePerUnit":"(25,00 €/Kg.)","imgUrl":"https://s3.dia.es/medias/hd1/hc2/8884679049246.jpg"},{"title":"GALLINA BLANCA salsa pimienta verde SOBRE 59GRS","price":"1,45 €","pricePerUnit":"(24,58 €/Kg.)","imgUrl":"https://s3.dia.es/medias/hbf/h08/9179960901662.jpg"},{"title":"GALLINA BLANCA salsa roquefort sobre 23 gr","price":"1,39 €","pricePerUnit":"(60,43 €/Kg.)","imgUrl":"https://s0.dia.es/medias/h83/h02/8904391819294.jpg"}]}},"vinagre-y-alinos":{"name":"Vinagreyaliños","productTypes":["vinagre","aderezo-limon"],"vinagre":{"categoryUrl":"/compra-online/productos/alimentacion/vinagre-y-alinos/vinagre/c/WEB.003.030.00237","products":[{"title":"BORGES crema balsamica frambuesa botella 250 ml","price":"3,89 €","pricePerUnit":"(15,56 €/Kg.)","imgUrl":"https://s0.dia.es/medias/h9a/h48/9307180597278.jpg"},{"title":"BORGES crema de vinagre balsamico de modena botella 250 gr","price":"3,89 €","pricePerUnit":"(15,56 €/Kg.)","imgUrl":"https://s3.dia.es/medias/h3c/hd2/9307167981598.jpg"},{"title":"BORGES vinagre balsamico de modena botella 250 ml","price":"2,25 €","pricePerUnit":"(9,00 €/l.)","imgUrl":"https://s2.dia.es/medias/h26/hda/9307167653918.jpg"},{"title":"BORGES vinagre balsamico de modena botella 50 cl","price":"3,36 €","pricePerUnit":"(6,72 €/l.)","imgUrl":"https://s0.dia.es/medias/h97/hc9/9307161362462.jpg"},{"title":"BORGES vinagre de vino tinto botella 1 lt","price":"1,10 €","pricePerUnit":"(1,10 €/l.)","imgUrl":"https://s2.dia.es/medias/hbb/h1d/8882546409502.png"},{"title":"CAPRICHO ANDALUZ set aliño aceite de oliva y vinagre bolsa 5+5 uds","price":"1,38 €","pricePerUnit":"(1,38 €/ud.)","imgUrl":"https://s2.dia.es/medias/h6c/he8/9621631631390.jpg"},{"title":"DIA DELICIOUS aceto  balsamico de modena botella 250 ml","price":"2,50 €","pricePerUnit":"(10,00 €/l.)","imgUrl":"https://s0.dia.es/medias/h2e/h86/8861433659422.png"},{"title":"DIA DELICIOUS crema de vinagre con Pedro Ximenez bote 250 ml","price":"2,15 €","pricePerUnit":"(8,60 €/l.)","imgUrl":"https://s0.dia.es/medias/h79/h87/8848186474526.png"},{"title":"DIA DELICIOUS crema vinagre de modena botella 25 cl","price":"2,15 €","pricePerUnit":"(8,60 €/l.)","imgUrl":"https://s0.dia.es/medias/h63/h34/8823162437662.png"},{"title":"DIA DELICIOUS crema vinagre de modena con frambuesa botella 250 ml","price":"2,15 €","pricePerUnit":"(8,60 €/l.)","imgUrl":"https://s0.dia.es/medias/h20/h14/8823844569118.png"},{"title":"DIA DELICIOUS crema vinagre de modena con trufa bote 250 ml","price":"2,15 €","pricePerUnit":"(8,60 €/l.)","imgUrl":"https://s1.dia.es/medias/hf5/h47/8861452533790.png"},{"title":"DIA vinagre balsamico de modena botella 50 cl","price":"2,00 €","pricePerUnit":"(4,00 €/l.)","imgUrl":"https://s0.dia.es/medias/h3e/h91/8823284596766.png"},{"title":"DIA vinagre de jerez botella 250 ml","price":"1,27 €","pricePerUnit":"(5,08 €/l.)","imgUrl":"https://s2.dia.es/medias/hc0/h27/8823799480350.png"},{"title":"DIA vinagre de sidra botella 1 lt","price":"0,69 €","pricePerUnit":"(0,69 €/l.)","imgUrl":"https://s2.dia.es/medias/h48/h76/8823036084254.png"},{"title":"DIA vinagre de vino al pedro ximenez botella 250 ml","price":"1,78 €","pricePerUnit":"(7,12 €/l.)","imgUrl":"https://s2.dia.es/medias/ha5/h10/8823792664606.png"},{"title":"DIA vinagre de vino blanco botella 1 lt","price":"0,49 €","pricePerUnit":"(0,49 €/l.)","imgUrl":"https://s3.dia.es/medias/h54/h46/8821825830942.png"},{"title":"PARRAS vinagre de jerez botella 550 ml","price":"2,79 €","pricePerUnit":"(5,58 €/l.)","imgUrl":"https://s2.dia.es/medias/hfc/h1b/9107697074206.jpg"},{"title":"PARRAS vinagre de sidra botella 750 ml","price":"2,24 €","pricePerUnit":"(2,99 €/l.)","imgUrl":"https://s1.dia.es/medias/hce/hbc/8820588773406.png"},{"title":"ROYO vinagre de vino blanco botella 1 lt","price":"0,99 €","pricePerUnit":"(0,99 €/l.)","imgUrl":"https://s3.dia.es/medias/hf7/hb5/8962782265374.jpg"},{"title":"ROYO vinagre de vino tinto botella 1 lt","price":"0,95 €","pricePerUnit":"(0,95 €/l.)","imgUrl":"https://s1.dia.es/medias/h3a/he0/8979696123934.jpg"},{"title":"SIBARI crema de vinagre de modena bote 225 gr","price":"2,59 €","pricePerUnit":"(11,51 €/Kg.)","imgUrl":"https://s3.dia.es/medias/ha8/h22/8904116994078.jpg"},{"title":"SIBARI crema vinagre frambuesa botella 225 gr","price":"2,59 €","pricePerUnit":"(11,51 €/Kg.)","imgUrl":"https://s3.dia.es/medias/hfa/hec/8862844321822.jpg"},{"title":"SIBARI crema vinagre manzana botella 225 gr","price":"2,59 €","pricePerUnit":"(11,51 €/Kg.)","imgUrl":"https://s1.dia.es/medias/h35/h7e/8864752959518.jpg"},{"title":"VALMASERA vinagre balsámico de modena bio botella 250 ml","price":"2,89 €","pricePerUnit":"(11,56 €/l.)","imgUrl":"https://s2.dia.es/medias/he5/h4b/9100895911966.jpg"},{"title":"VALMASERA vinagre de manzana bio botella 500 ml","price":"2,30 €","pricePerUnit":"(4,60 €/l.)","imgUrl":"https://s3.dia.es/medias/h2f/hc4/9100893290526.jpg"}]},"aderezo-limon":{"categoryUrl":"/compra-online/productos/alimentacion/vinagre-y-alinos/aderezo-limon/c/WEB.003.030.00240","products":[{"title":"DIA aderezo de limón botella 50 cl","price":"0,52 €","pricePerUnit":"(1,04 €/l.)","imgUrl":"https://s3.dia.es/medias/h05/h0a/8822240804894.png"}]}},"dieteticos":{"name":"Dietéticos","productTypes":["complementos-nutricionales","control-de-peso","para-deportistas","tortitas"],"complementos-nutricionales":{"categoryUrl":"/compra-online/productos/alimentacion/dieteticos/complementos-nutricionales/c/WEB.003.031.00244","products":[{"title":"ASPOLVIT visión mácula doble acción bote 60 cápsulas","price":"21,95 €","pricePerUnit":"(0,37 €/ud.)","imgUrl":"https://s1.dia.es/medias/h85/hdc/9130842980382.jpg"},{"title":"BICENTURY adelgasitel estuche 20 bolsitas","price":"2,29 €","pricePerUnit":"(0,11 €/ud.)","imgUrl":"https://s1.dia.es/medias/h15/he6/8913086447646.jpg"},{"title":"CORPORE DIET cetona de frambuesa activador quemagrasa caja 60 cápsulas","price":"10,25 €","pricePerUnit":"(10,25 €/ud.)","imgUrl":"https://s3.dia.es/medias/hb8/hb9/9517145292830.jpg"},{"title":"CORPORE DIET dormigras quemagrasa acción noche caja 60 cápsulas","price":"12,95 €","pricePerUnit":"(0,22 €/ud.)","imgUrl":"https://s0.dia.es/medias/h1c/h8a/9517154369566.jpg"},{"title":"CORPORE DIET drenante depurativo vientre plano anticelulítico bote 250 ml","price":"14,95 €","pricePerUnit":"(59,80 €/l.)","imgUrl":"https://s2.dia.es/medias/h14/h9d/9517149224990.jpg"},{"title":"CORPORE DIET perlas de cla moldea y tonifica caja 60 cápsulas","price":"10,25 €","pricePerUnit":"(0,17 €/ud.)","imgUrl":"https://s2.dia.es/medias/h15/hae/9517148569630.jpg"},{"title":"DIA VITAL copos de levadura de cerveza paquete 200 gr","price":"2,59 €","pricePerUnit":"(12,95 €/Kg.)","imgUrl":"https://s2.dia.es/medias/he6/hd1/9382709493790.jpg"},{"title":"DIA VITAL semillas de lino amarillo paquete 250 gr","price":"1,00 €","pricePerUnit":"(4,00 €/Kg.)","imgUrl":"https://s2.dia.es/medias/hdb/h12/9382706315294.jpg"},{"title":"ECOCESTA semillas de chía bio paquete 250 gr","price":"2,59 €","pricePerUnit":"(10,36 €/Kg.)","imgUrl":"https://s1.dia.es/medias/hfa/h99/9664312737822.jpg"},{"title":"ECOCESTA semillas de lino dorado bio paquete 250 gr","price":"1,85 €","pricePerUnit":"(7,40 €/Kg.)","imgUrl":"https://s2.dia.es/medias/h9c/h3d/9664515014686.jpg"},{"title":"ECOCESTA semillas de sésamo tostado bio paquete 450 gr","price":"3,90 €","pricePerUnit":"(8,67 €/Kg.)","imgUrl":"https://s1.dia.es/medias/h6f/had/9664557547550.jpg"},{"title":"FARINGEDOL pastillas con propolís, miel y limón caja 10 uds","price":"2,65 €","pricePerUnit":"(0,27 €/ud.)","imgUrl":"https://s2.dia.es/medias/h11/hc1/9099678056478.jpg"},{"title":"NATURCESTA levadura desamargada de cerveza bolsa 150 gr","price":"2,85 €","pricePerUnit":"(19,00 €/Kg.)"},{"title":"QUANTRAX ácido hialurónico bote 60 cápsulas","price":"9,99 €","pricePerUnit":"(0,17 €/ud.)","imgUrl":"https://s1.dia.es/medias/he4/h4e/9039665987614.jpg"},{"title":"VIVE+ SALUD NATURAL animoplus caja 30 cápsulas","price":"5,99 €","pricePerUnit":"(0,20 €/ud.)","imgUrl":"https://s3.dia.es/medias/h8a/h84/8962583822366.jpg"},{"title":"VIVE+ SALUDYVIDA alcachofa silueta plus caja 50 cápsulas","price":"4,50 €","pricePerUnit":"(0,09 €/ud.)","imgUrl":"https://s2.dia.es/medias/h61/ha4/9563623555102.jpg"},{"title":"VIVE+ SALUDYVIDA cola de caballo caja 50 cápsulas (foto errónea)","price":"3,95 €","pricePerUnit":"(0,08 €/ud.)","imgUrl":"https://s2.dia.es/medias/h55/hc0/9034767499294.jpg"},{"title":"VIVE+ SALUDYVIDA colágeno caja 30 cápsulas","price":"7,25 €","pricePerUnit":"(0,24 €/ud.)","imgUrl":"https://s0.dia.es/medias/h5b/h81/9565986488350.jpg"},{"title":"VIVE+ SALUDYVIDA complemento alimenticio vigor x2 plus caja 30 cápsulas","price":"5,90 €","pricePerUnit":"(0,20 €/ud.)","imgUrl":"https://s0.dia.es/medias/h8e/hd2/9564282683422.jpg"},{"title":"VIVE+ SALUDYVIDA espirulina bote 50 cápsulas","price":"4,65 €","pricePerUnit":"(0,09 €/ud.)","imgUrl":"https://s2.dia.es/medias/hdc/he7/8979805437982.jpg"},{"title":"VIVE+ SALUDYVIDA figura top caja 12 viales","price":"5,95 €","pricePerUnit":"(0,50 €/ud.)","imgUrl":"https://s2.dia.es/medias/hc7/hdf/9565978624030.jpg"},{"title":"VIVE+ SALUDYVIDA garcinia cambogia caja 30 cápsulas","price":"5,95 €","pricePerUnit":"(0,20 €/ud.)","imgUrl":"https://s3.dia.es/medias/h80/hb9/9566065590302.jpg"},{"title":"VIVE+ SALUDYVIDA glucosaplus caja 12 viales","price":"6,50 €","pricePerUnit":"(0,54 €/ud.)","imgUrl":"https://s2.dia.es/medias/h6a/h90/8904426946590.jpg"},{"title":"VIVE+ SALUDYVIDA jalea real light 6 sin azúcares añadidos caja 12 viales","price":"6,49 €","pricePerUnit":"(0,54 €/ud.)","imgUrl":"https://s3.dia.es/medias/h25/h20/9563646230558.jpg"},{"title":"VIVE+ SALUDYVIDA menoplus isoflavonas de soja caja 30 cápsulas","price":"5,99 €","pricePerUnit":"(0,20 €/ud.)","imgUrl":"https://s1.dia.es/medias/h39/hf3/8962652831774.jpg"},{"title":"VIVISIMA+ alcachofa con boldo caja 50 cápsulas","price":"3,90 €","pricePerUnit":"(0,08 €/ud.)","imgUrl":"https://s0.dia.es/medias/h22/hcf/9565920886814.jpg"},{"title":"VIVISIMA+ cabello uñas piel envase 50 capsulas","price":"3,90 €","pricePerUnit":"(0,08 €/ud.)","imgUrl":"https://s2.dia.es/medias/h8a/h8d/9563690696734.jpg"},{"title":"VIVISIMA+ carnitina más magnesio caja 40 cápsulas","price":"3,90 €","pricePerUnit":"(0,10 €/ud.)","imgUrl":"https://s2.dia.es/medias/hb0/h79/9127158710302.jpg"},{"title":"VIVISIMA+ cartílago de tiburón envase 40 cápsulas","price":"4,49 €","pricePerUnit":"(0,11 €/ud.)","imgUrl":"https://s3.dia.es/medias/hf8/hf6/9566045274142.jpg"},{"title":"VIVISIMA+ chitosan envase 50 capsulas","price":"3,90 €","pricePerUnit":"(0,08 €/ud.)","imgUrl":"https://s1.dia.es/medias/h55/h8b/9565900570654.jpg"},{"title":"VIVISIMA+ cola de caballo envase 50 capsulas","price":"3,90 €","pricePerUnit":"(0,08 €/ud.)","imgUrl":"https://s3.dia.es/medias/hd6/h4d/9563688566814.jpg"},{"title":"VIVISIMA+ colageno envase 50 capsulas","price":"3,90 €","pricePerUnit":"(0,08 €/ud.)","imgUrl":"https://s2.dia.es/medias/he3/h08/9039580626974.jpg"},{"title":"VIVISIMA+ garcinia cambogia envase 40 cápsulas","price":"4,05 €","pricePerUnit":"(0,10 €/ud.)","imgUrl":"https://s1.dia.es/medias/h5d/h58/9565857611806.jpg"},{"title":"VIVISIMA+ jalea real envase 12 viales","price":"5,09 €","pricePerUnit":"(0,42 €/ud.)","imgUrl":"https://s2.dia.es/medias/h58/he0/9564278259742.jpg"},{"title":"VIVISIMA+ levadura cerveza envase 50 capsulas","price":"3,90 €","pricePerUnit":"(0,08 €/ud.)","imgUrl":"https://s0.dia.es/medias/hbe/he9/9563610054686.jpg"},{"title":"VIVISIMA+ programa choque12 complemento a base de plantas e inulina 12 uds","price":"5,65 €","pricePerUnit":"(0,47 €/ud.)","imgUrl":"https://s3.dia.es/medias/hc2/h5d/9126976520222.jpg"},{"title":"VIVISIMA+ propolis envase 50 capsulas","price":"4,95 €","pricePerUnit":"(0,10 €/ud.)","imgUrl":"https://s0.dia.es/medias/h5a/hfa/9563627487262.jpg"},{"title":"VIVISIMA+ valeriana envase 50 capsulas","price":"3,90 €","pricePerUnit":"(0,08 €/ud.)","imgUrl":"https://s3.dia.es/medias/h5d/h8e/9565872259102.jpg"},{"title":"WEIDER colágeno con ácido hialurónico y magnesio bote 300 gr","price":"16,09 €","pricePerUnit":"(53,63 €/Kg.)","imgUrl":"https://s3.dia.es/medias/hfe/had/8830943690782.png"}]},"control-de-peso":{"categoryUrl":"/compra-online/productos/alimentacion/dieteticos/control-de-peso/c/WEB.003.031.00245","products":[{"title":"BICENTURY barritas sustituye de chocolate con leche caja 4 uds","price":"3,99 €","pricePerUnit":"(31,17 €/Kg.)","imgUrl":"https://s0.dia.es/medias/h69/h41/8913060757534.jpg"},{"title":"BICENTURY batido dietético de chocolate caja 5 batidos","price":"5,99 €","pricePerUnit":"(1,20 €/ud.)","imgUrl":"https://s3.dia.es/medias/h24/h8e/8945818763294.jpg"},{"title":"BICENTURY batido dietético de yogurt con fresas caja 5 batidos","price":"5,99 €","pricePerUnit":"(1,20 €/ud.)","imgUrl":"https://s1.dia.es/medias/h5d/h90/8945759977502.jpg"},{"title":"BICENTURY galleta devoragras con yogur limón paquete 160 gr","price":"2,37 €","pricePerUnit":"(14,81 €/Kg.)","imgUrl":"https://s2.dia.es/medias/h5b/h36/8913092280350.jpg"},{"title":"BICENTURY Proteína barrita de cereales con chocolate y leche caja 80 gr","price":"2,00 €","pricePerUnit":"(0,50 €/ud.)","imgUrl":"https://s3.dia.es/medias/h4d/h2e/9355272192030.jpg"},{"title":"BICENTURY Sarialis barritas de cereales chocolate negro caja 6 uds","price":"2,55 €","pricePerUnit":"(0,43 €/ud.)","imgUrl":"https://s1.dia.es/medias/hbf/h0f/9115251212318.jpg"},{"title":"BICENTURY Sarialis barritas de cereales chocolate negro SIN GLUTEN caja 6 uds","price":"2,55 €","pricePerUnit":"(0,43 €/ud.)","imgUrl":"https://s2.dia.es/medias/hdf/hf8/9015928750110.jpg"},{"title":"BICENTURY tortita con chocolate negro naranja y flor de azahar 132 gr","price":"1,99 €","pricePerUnit":"(15,08 €/Kg.)","imgUrl":"https://s2.dia.es/medias/h75/hcc/8913097523230.jpg"},{"title":"BIMANAN batido dietético de chocolate con leche caja 5 batidos","price":"5,25 €","pricePerUnit":"(1,05 €/ud.)","imgUrl":"https://s2.dia.es/medias/h84/h8d/9658959724574.jpg"},{"title":"BIMANÁN crema de chocolate intenso 2 x 210 gr","price":"4,69 €","pricePerUnit":"(22,33 €/Kg.)","imgUrl":"https://s2.dia.es/medias/h6f/hfc/9658920960030.jpg"},{"title":"BIMANÁN crema sabor caramelo vainilla pack 2 x 210 gr","price":"4,75 €","pricePerUnit":"(11,31 €/Kg.)","imgUrl":"https://s3.dia.es/medias/hc7/hfa/9658941571102.jpg"},{"title":"BIMANÁN línea batonnets chocolate fondant caja 6 x 31 gr","price":"5,60 €","pricePerUnit":"(30,11 €/Kg.)","imgUrl":"https://s0.dia.es/medias/he6/hbe/9658915717150.jpg"},{"title":"DIA barritas de cereales sabor yogur y limón caja 210 gr","price":"4,13 €","pricePerUnit":"(21,51 €/Kg.)","imgUrl":"https://s2.dia.es/medias/h7e/h2f/9640390000670.jpg"},{"title":"DIA VITAL barritas sustitutivas chocolate negro caja 6 uds 192 gr","price":"3,99 €","pricePerUnit":"(20,78 €/Kg.)","imgUrl":"https://s2.dia.es/medias/h25/hc6/9169788469278.jpg"},{"title":"DIA VITAL batido dietético de chocolate caja 8 batidos","price":"6,29 €","pricePerUnit":"(21,25 €/Kg.)","imgUrl":"https://s0.dia.es/medias/hfe/hfc/9621579595806.jpg"},{"title":"DIA VITAL batido dietético de vainilla caja 8 batidos","price":"6,29 €","pricePerUnit":"(21,25 €/Kg.)","imgUrl":"https://s3.dia.es/medias/h95/hb8/9141927772190.jpg"},{"title":"DR. SCHAR merienda dietética pausa ciok paquete 350 gr","price":"3,95 €","pricePerUnit":"(11,29 €/Kg.)","imgUrl":"https://s2.dia.es/medias/hd0/h09/8877237829662.png"},{"title":"GERBLE galletas bañadas en chocolate caja 105 gr","price":"2,75 €","pricePerUnit":"(26,19 €/Kg.)","imgUrl":"https://s2.dia.es/medias/h46/h6d/9658879705118.jpg"},{"title":"GERBLE galletas con leche chocolate y yoghourt paquete 230 gr","price":"2,19 €","pricePerUnit":"(9,52 €/Kg.)","imgUrl":"https://s2.dia.es/medias/h8a/h5d/9658911784990.jpg"},{"title":"GERBLE galletas fibra activa y miel caja 400 gr","price":"4,45 €","pricePerUnit":"(11,13 €/Kg.)","imgUrl":"https://s3.dia.es/medias/h66/h33/9658930855966.jpg"},{"title":"GERBLE galletas muesli con avena paquete 230 gr","price":"2,45 €","pricePerUnit":"(10,65 €/Kg.)","imgUrl":"https://s2.dia.es/medias/hc3/h0d/9658942881822.jpg"},{"title":"GERBLE galletas soja y naranja paquete 280 gr","price":"2,25 €","pricePerUnit":"(8,04 €/Kg.)","imgUrl":"https://s2.dia.es/medias/had/hb4/9658868760606.jpg"},{"title":"GERBLE galletas sésamo paquete 230 gr","price":"2,19 €","pricePerUnit":"(9,52 €/Kg.)","imgUrl":"https://s2.dia.es/medias/hba/h15/9658968211486.jpg"},{"title":"HERO Línea barritas de cereales con chocolate blanco caja 120 gr","price":"2,01 €","pricePerUnit":"(16,75 €/Kg.)","imgUrl":"https://s3.dia.es/medias/hea/h8f/8861373169694.png"}]},"para-deportistas":{"categoryUrl":"/compra-online/productos/alimentacion/dieteticos/para-deportistas/c/WEB.003.031.00246","products":[{"title":"LOADING barritas energéticas con almendras y plátano paquete 3 x 20 gr","price":"1,25 €","pricePerUnit":"(20,83 €/Kg.)","imgUrl":"https://s0.dia.es/medias/h0b/h40/9358002356254.jpg"},{"title":"LOADING gel energético para deportistas sabor naranja pouch 3 x 30 gr","price":"1,99 €","pricePerUnit":"(24,88 €/Kg.)","imgUrl":"https://s1.dia.es/medias/h72/h68/9509513855006.jpg"}]},"tortitas":{"categoryUrl":"/compra-online/productos/alimentacion/dieteticos/tortitas/c/WEB.003.031.00247","products":[{"title":"BICENTURY Nackis tortitas de arroz con yogur 130 gr","price":"1,95 €","pricePerUnit":"(15,00 €/Kg.)","imgUrl":"https://s0.dia.es/medias/hef/h63/9107611746334.jpg"},{"title":"BICENTURY Nackis tortitas de maiz con chocolate sabor a avellanas 108 gr","price":"1,89 €","pricePerUnit":"(17,50 €/Kg.)","imgUrl":"https://s3.dia.es/medias/h7e/h09/8913066000414.jpg"},{"title":"BICENTURY NACKIS tortitas de maiz receta mediterranea bolsa 70 gr","price":"1,45 €","pricePerUnit":"(20,71 €/Kg.)","imgUrl":"https://s2.dia.es/medias/h3a/h5f/8913071243294.jpg"},{"title":"BICENTURY tortita de maiz olivas & cebollino paquete 123 gr","price":"1,95 €","pricePerUnit":"(15,85 €/Kg.)","imgUrl":"https://s1.dia.es/medias/hd9/hee/8913073340446.jpg"},{"title":"BICENTURY tortita de maiz queso & albahaca paquete 123 gr","price":"1,82 €","pricePerUnit":"(14,80 €/Kg.)","imgUrl":"https://s0.dia.es/medias/h26/hf2/8913063378974.jpg"},{"title":"BICENTURY tortitas con setas trufa y parmesano bolsa 124 gr","price":"2,18 €","pricePerUnit":"(17,58 €/Kg.)","imgUrl":"https://s0.dia.es/medias/ha5/h39/9651344277534.jpg"},{"title":"BICENTURY tortitas de arroz con chocolate paquete 130 gr","price":"1,99 €","pricePerUnit":"(15,31 €/Kg.)","imgUrl":"https://s2.dia.es/medias/h68/h10/9107603226654.jpg"},{"title":"BICENTURY tortitas de maíz 6 semillas y cereales bolsa 119 gr","price":"2,18 €","pricePerUnit":"(18,32 €/Kg.)","imgUrl":"https://s1.dia.es/medias/he8/hd8/9118363189278.jpg"},{"title":"BICENTURY tortitas de maíz bolsa 130 gr","price":"1,49 €","pricePerUnit":"(11,46 €/Kg.)"},{"title":"BICENTURY tortitas de maíz con chocolate negro paquete 90 gr","price":"1,89 €","pricePerUnit":"(21,00 €/Kg.)","imgUrl":"https://s3.dia.es/medias/hb5/h91/8913103814686.jpg"},{"title":"BICENTURY tortitas de maíz con tomate y aceite de oliva bolsa 123 gr","price":"1,99 €","pricePerUnit":"(16,18 €/Kg.)","imgUrl":"https://s2.dia.es/medias/h0e/h69/8913077010462.jpg"},{"title":"DIA tortitas de arroz bañadas yogur paquete 130 gr","price":"1,48 €","pricePerUnit":"(11,38 €/Kg.)","imgUrl":"https://s2.dia.es/medias/hae/hf5/9354595598366.jpg"},{"title":"DIA tortitas de maiz con chocolate negro paquete 90 gr","price":"1,07 €","pricePerUnit":"(11,89 €/Kg.)","imgUrl":"https://s3.dia.es/medias/hf4/h55/9354598219806.jpg"},{"title":"DIA tortitas de maiz paquete 130 gr","price":"1,08 €","pricePerUnit":"(8,31 €/Kg.)","imgUrl":"https://s0.dia.es/medias/h28/haf/9388725731358.jpg"},{"title":"DIA tortitas mini de maiz y arroz sabor jamon paquete 75 gr","price":"1,19 €","pricePerUnit":"(15,87 €/Kg.)","imgUrl":"https://s2.dia.es/medias/h04/h79/9640393343006.jpg"},{"title":"DIA tortitas mini de maiz y arroz sabor queso paquete 75 gr","price":"1,19 €","pricePerUnit":"(15,87 €/Kg.)","imgUrl":"https://s3.dia.es/medias/h4d/hdb/9640391376926.jpg"},{"title":"DIA VITAL tortitas de arroz integral bolsa 130 gr","price":"1,07 €","pricePerUnit":"(8,23 €/Kg.)","imgUrl":"https://s3.dia.es/medias/h6d/h77/9388788285470.jpg"},{"title":"ECOCESTA tortitas de arroz con quinoa bio bolsa 100 gr","price":"1,35 €","pricePerUnit":"(11,25 €/Kg.)","imgUrl":"https://s2.dia.es/medias/h96/h6d/9664618561566.jpg"},{"title":"NACKIS BICENTURY tortitas de maiz jamon bolsa 70 gr","price":"1,45 €","pricePerUnit":"(20,71 €/Kg.)","imgUrl":"https://s2.dia.es/medias/h83/h42/8913102241822.jpg"}]}},"internacional":{"name":"Internacional","productTypes":["cocina-arabe","cocina-mejicana","cocina-oriental"],"cocina-arabe":{"categoryUrl":"/compra-online/productos/alimentacion/internacional/cocina-arabe/c/WEB.003.032.00248","products":[{"title":"DANI sazonador con molinillo sabor marruecos frasco 40 gr","price":"2,80 €","pricePerUnit":"(70,00 €/Kg.)","imgUrl":"https://s0.dia.es/medias/he3/hd6/9392121446430.jpg"},{"title":"STAR pan de pita precocido blister 400 grs","price":"1,75 €","pricePerUnit":"(4,38 €/Kg.)","imgUrl":"https://s2.dia.es/medias/h4f/h68/8833146454046.png"}]},"cocina-mejicana":{"categoryUrl":"/compra-online/productos/alimentacion/internacional/cocina-mejicana/c/WEB.003.032.00249","products":[{"title":"DIA chili con carne lata 420 gr","price":"2,34 €","pricePerUnit":"(5,57 €/Kg.)","imgUrl":"https://s3.dia.es/medias/h48/h89/8823204904990.png"},{"title":"DIA nachos tex-mex bolsa 110 gr","price":"0,65 €","pricePerUnit":"(5,91 €/Kg.)","imgUrl":"https://s2.dia.es/medias/h40/h5d/8822537551902.png"},{"title":"DIA salsa mexicana frasco 315 gr","price":"1,60 €","pricePerUnit":"(5,08 €/Kg.)","imgUrl":"https://s1.dia.es/medias/h44/h5f/9236521811998.jpg"},{"title":"DIA sazonador para fajitas sobre 30 gr","price":"0,79 €","pricePerUnit":"(26,33 €/Kg.)","imgUrl":"https://s1.dia.es/medias/hcb/h72/8823894376478.png"},{"title":"DIA tortillas trigo bolsa 8 unidades 320 gr","price":"0,99 €","pricePerUnit":"(3,09 €/Kg.)","imgUrl":"https://s1.dia.es/medias/hb5/h7e/8821867773982.png"},{"title":"Guacamole envase 200 gr","price":"1,59 €","pricePerUnit":"(7,95 €/Kg.)","imgUrl":"https://s0.dia.es/medias/h6e/hb3/8833720582174.png"},{"title":"LA COSTEÑA chiles jalapeños en escabeche lata 220 gr","price":"1,39 €","pricePerUnit":"(6,32 €/Kg.)","imgUrl":"https://s0.dia.es/medias/h44/h19/9653607464990.jpg"},{"title":"LA COSTEÑA nachos chips bolsa 200 gr","price":"1,79 €","pricePerUnit":"(8,95 €/Kg.)","imgUrl":"https://s2.dia.es/medias/h62/h8c/9677920206878.jpg"},{"title":"LA COSTEÑA salsa mexicana verde lata 220 gr","price":"1,55 €","pricePerUnit":"(7,05 €/Kg.)","imgUrl":"https://s3.dia.es/medias/h31/h2f/9677916602398.jpg"},{"title":"LA COSTEÑA tortilla de trigo bolsa 272 gr","price":"1,55 €","pricePerUnit":"(5,70 €/Kg.)","imgUrl":"https://s3.dia.es/medias/hc6/h15/9677919879198.jpg"},{"title":"OLD EL PASO kit fajitas caja 505 gr","price":"4,55 €","pricePerUnit":"(9,01 €/Kg.)","imgUrl":"https://s3.dia.es/medias/had/h89/9656296964126.jpg"},{"title":"OLD EL PASO mini barquitas mejicanas de trigo envase 12 unidades 145 gr","price":"2,90 €","pricePerUnit":"(20,00 €/Kg.)","imgUrl":"https://s3.dia.es/medias/ha6/h41/9348750344222.jpg"},{"title":"OLD EL PASO nachips bolsa 200 gr","price":"2,45 €","pricePerUnit":"(12,25 €/Kg.)","imgUrl":"https://s0.dia.es/medias/h7a/hc7/8971718098974.jpg"},{"title":"OLD EL PASO salsa de queso frasco 200 gr","price":"1,85 €","pricePerUnit":"(9,25 €/Kg.)","imgUrl":"https://s3.dia.es/medias/h13/h14/9348766400542.jpg"},{"title":"OLD EL PASO salsa mejicana frasco 200 gr","price":"1,85 €","pricePerUnit":"(9,74 €/Kg.)","imgUrl":"https://s0.dia.es/medias/hcc/h3f/9348760502302.jpg"},{"title":"OLD EL PASO sazonador para fajitas sobre 30 gr","price":"1,09 €","pricePerUnit":"(36,33 €/Kg.)","imgUrl":"https://s3.dia.es/medias/hf1/hb5/9348746739742.jpg"},{"title":"OLD EL PASO tortillas de trigo bolsa 6 unidades 244 gr","price":"1,75 €","pricePerUnit":"(7,17 €/Kg.)","imgUrl":"https://s1.dia.es/medias/h0c/h9b/9656267210782.jpg"},{"title":"OLD EL PASO tortillas mexicanas SIN GLUTEN paquete 6 uds 216 gr","price":"2,95 €","pricePerUnit":"(13,66 €/Kg.)","imgUrl":"https://s1.dia.es/medias/h31/h88/9656256397342.jpg"}]},"cocina-oriental":{"categoryUrl":"/compra-online/productos/alimentacion/internacional/cocina-oriental/c/WEB.003.032.00250","products":[{"title":"DIA fideos orientales sabor pollo vaso 61 gr","price":"0,75 €","pricePerUnit":"(12,30 €/Kg.)","imgUrl":"https://s3.dia.es/medias/hfd/h18/9582209007646.jpg"},{"title":"DIA noodles sabor pollo bolsa bolsa 85 gr","price":"0,53 €","pricePerUnit":"(6,24 €/Kg.)","imgUrl":"https://s1.dia.es/medias/he0/h73/8823941562398.png"},{"title":"GALLINA BLANCA fideos orientales curry vaso 61 gr","price":"1,21 €","pricePerUnit":"(19,84 €/Kg.)","imgUrl":"https://s2.dia.es/medias/h67/hb1/9144725602334.jpg"},{"title":"GALLINA BLANCA fideos orientales de arroz yatekomo vaso 53 gr","price":"1,59 €","pricePerUnit":"(30,00 €/Kg.)","imgUrl":"https://s0.dia.es/medias/h2b/h26/9326335361054.jpg"},{"title":"GALLINA BLANCA fideos orientales yakisoba pollo sobre 93 gr","price":"1,00 €","pricePerUnit":"(10,75 €/Kg.)","imgUrl":"https://s2.dia.es/medias/ha9/hed/9139998785566.jpg"},{"title":"GALLINA BLANCA fideos orientales yakisoba pollo vaso 93 gr","price":"1,59 €","pricePerUnit":"(17,10 €/Kg.)","imgUrl":"https://s3.dia.es/medias/h1f/h50/9144718393374.jpg"},{"title":"GALLINA BLANCA fideos orientales yakisoba sobre 93 gr","price":"1,00 €","pricePerUnit":"(10,75 €/Kg.)","imgUrl":"https://s3.dia.es/medias/h44/he3/9092519821342.jpg"},{"title":"GALLINA BLANCA fideos orientales yakisoba vaso 93 gr","price":"1,59 €","pricePerUnit":"(17,10 €/Kg.)","imgUrl":"https://s2.dia.es/medias/h95/hf3/9144712167454.jpg"},{"title":"GALLINA BLANCA fideos orientales yatekomo pollo vaso 66 gr","price":"1,21 €","pricePerUnit":"(18,33 €/Kg.)","imgUrl":"https://s0.dia.es/medias/hd8/h11/9144709546014.jpg"},{"title":"GALLINA BLANCA fideos orientales yatekomo vaso 61 gr","price":"1,21 €","pricePerUnit":"(19,84 €/Kg.)","imgUrl":"https://s3.dia.es/medias/hf6/h96/9144721014814.jpg"},{"title":"GALLINA BLANCA fideos orientales yatekomo verduras vaso 59 gr","price":"1,10 €","pricePerUnit":"(18,64 €/Kg.)","imgUrl":"https://s2.dia.es/medias/hf2/hb8/9144724291614.jpg"},{"title":"GALLINA BLANCA pack 3 fideos orientales pollo + 1 oriental 244 gr","price":"3,99 €","pricePerUnit":"(16,56 €/Kg.)","imgUrl":"https://s2.dia.es/medias/ha0/h09/9505518944286.jpg"},{"title":"GALLINA BLANCA YATEKOMO fideos orientales pollo con soja sobre 82 gr","price":"0,80 €","pricePerUnit":"(9,76 €/Kg.)","imgUrl":"https://s0.dia.es/medias/h76/hff/9144729206814.jpg"},{"title":"GALLO Soba fideos orientales yakisoba original vaso 83 gr","price":"1,59 €","pricePerUnit":"(17,67 €/Kg.)","imgUrl":"https://s2.dia.es/medias/h5c/hc8/9652397637662.jpg"},{"title":"MAGGI pasta oriental pollo sobre 70 gr","price":"0,75 €","pricePerUnit":"(10,71 €/Kg.)","imgUrl":"https://s0.dia.es/medias/he7/h89/9573203902494.jpg"},{"title":"MAGGI pasta oriental yakisoba classic sobre 120 gr","price":"1,52 €","pricePerUnit":"(12,67 €/Kg.)","imgUrl":"https://s1.dia.es/medias/h1c/h88/9578393141278.jpg"},{"title":"MAGGI pasta oriental yakisoba curry sobre 120 gr","price":"1,52 €","pricePerUnit":"(12,67 €/Kg.)","imgUrl":"https://s1.dia.es/medias/h14/h35/9578557571102.jpg"},{"title":"MAHESO fideos orientales yakisoba especial microondas 270 gr","price":"2,70 €","pricePerUnit":"(10,00 €/Kg.)","imgUrl":"https://s3.dia.es/medias/h3b/hdc/9639360987166.jpg"}]}}},"desayuno-dulces-y-pan":{"name":"Desayuno,dulcesypan","subCategoriesName":["azucar-y-edulcorantes","bolleria","cacao","cafe","cereales","chocolates-y-bombones","caramelos-y-chicles","galletas","infusiones","pan","preparacion-de-postres"],"azucar-y-edulcorantes":{"name":"Azúcaryedulcorantes","productTypes":["azucar","edulcorantes"],"azucar":{"categoryUrl":"/compra-online/productos/desayuno-dulces-y-pan/azucar-y-edulcorantes/azucar/c/WEB.004.014.00104","products":[{"title":"AZUCARERA azúcar blanco en azucaritos caja 300 gr","price":"0,99 €","pricePerUnit":"(3,30 €/Kg.)","imgUrl":"https://s2.dia.es/medias/he8/he4/9521998757918.jpg"},{"title":"AZUCARERA azúcar blanco paquete 1 kg","price":"0,75 €","pricePerUnit":"(0,75 €/Kg.)","imgUrl":"https://s2.dia.es/medias/he4/ha8/9520807477278.jpg"},{"title":"AZUCARERA azúcar glasé seda bote 500 gr","price":"2,49 €","pricePerUnit":"(4,98 €/Kg.)","imgUrl":"https://s1.dia.es/medias/h79/h54/9506603008030.jpg"},{"title":"AZUCARERA azúcar moreno de caña bolsa 750 gr","price":"1,95 €","pricePerUnit":"(2,60 €/Kg.)","imgUrl":"https://s3.dia.es/medias/h24/hc8/9506590326814.jpg"},{"title":"AZUCARERA azúcar moreno de caña en sobres caja 400 gr","price":"1,87 €","pricePerUnit":"(4,68 €/Kg.)","imgUrl":"https://s0.dia.es/medias/h92/h2b/9553381621790.jpg"},{"title":"AZUCARERA azúcar moreno de caña envase 800 gr","price":"1,59 €","pricePerUnit":"(1,99 €/Kg.)","imgUrl":"https://s3.dia.es/medias/h0a/hbb/9507194306590.jpg"},{"title":"AZUCARERA azúcar moreno de caña integral moka intenso paquete 500 gr","price":"1,85 €","pricePerUnit":"(3,70 €/Kg.)","imgUrl":"https://s0.dia.es/medias/h14/h0d/9502090919966.jpg"},{"title":"AZUCARERA azúcar moreno integral en terrones caja 500 gr","price":"1,45 €","pricePerUnit":"(2,90 €/Kg.)","imgUrl":"https://s2.dia.es/medias/hf9/h56/9545259417630.jpg"},{"title":"AZUCARERA Life azúcar con stevia envase 500 gr","price":"2,50 €","pricePerUnit":"(5,00 €/Kg.)","imgUrl":"https://s2.dia.es/medias/hc1/hc2/8896335380510.png"},{"title":"AZUCARERA Panela azúcar moreno de caña integral paquete 500 gr","price":"1,95 €","pricePerUnit":"(3,90 €/Kg.)","imgUrl":"https://s0.dia.es/medias/hf0/h73/9570255470622.jpg"},{"title":"DIA azúcar blanco en sobres caja 100 uds","price":"1,29 €","pricePerUnit":"(2,15 €/Kg.)","imgUrl":"https://s2.dia.es/medias/h24/h73/8883863224350.png"},{"title":"DIA DELICIOUS azúcar moreno caja 1 Kg","price":"2,05 €","pricePerUnit":"(2,05 €/Kg.)","imgUrl":"https://s2.dia.es/medias/h42/h30/9165529415710.jpg"},{"title":"GREEN PANELA panela ecológica paquete 500 gr","price":"2,51 €","pricePerUnit":"(5,02 €/Kg.)","imgUrl":"https://s3.dia.es/medias/h00/hdc/9388765544478.jpg"},{"title":"OXFAM azúcar de caña sin refinar bio Paraguay paquete 500 gr","price":"2,75 €","pricePerUnit":"(5,50 €/Kg.)","imgUrl":"https://s1.dia.es/medias/h2d/he6/9498699169822.jpg"},{"title":"OXFAM panela granulada bio Ecuador paquete 500 gr","price":"2,40 €","pricePerUnit":"(4,80 €/Kg.)","imgUrl":"https://s1.dia.es/medias/h71/hdd/9498708672542.jpg"},{"title":"VALMASERA azúcar de caña bio paquete 1 Kg","price":"3,50 €","pricePerUnit":"(3,50 €/Kg.)","imgUrl":"https://s0.dia.es/medias/hb3/h36/9102837383198.jpg"}]},"edulcorantes":{"categoryUrl":"/compra-online/productos/desayuno-dulces-y-pan/azucar-y-edulcorantes/edulcorantes/c/WEB.004.014.00105","products":[{"title":"DIA edulcorante 850 comprimidos bote 50 gr","price":"1,01 €","pricePerUnit":"(20,20 €/Kg.)","imgUrl":"https://s0.dia.es/medias/h03/h5a/9333271199774.jpg"},{"title":"DIA edulcorante en polvo sacarina y ciclamato bote 75 gr","price":"1,15 €","pricePerUnit":"(15,33 €/Kg.)","imgUrl":"https://s1.dia.es/medias/h39/h9d/8822261776414.png"},{"title":"DIA edulcorante stevia 150 comprimidos","price":"1,59 €","pricePerUnit":"(198,75 €/Kg.)","imgUrl":"https://s3.dia.es/medias/h9c/h41/9142065528862.jpg"},{"title":"DIA edulcurante líquido bote 200 gr","price":"1,00 €","pricePerUnit":"(5,00 €/l.)","imgUrl":"https://s2.dia.es/medias/h8e/h69/8878465581086.png"},{"title":"DIA VITAL azúcar con stevia paquete 500 gr","price":"2,60 €","pricePerUnit":"(5,20 €/Kg.)","imgUrl":"https://s3.dia.es/medias/h29/hd4/9115208613918.jpg"},{"title":"DIA VITAL edulcorante stevia bote 200 gr","price":"2,89 €","pricePerUnit":"(14,45 €/Kg.)","imgUrl":"https://s0.dia.es/medias/h03/hd7/9076096204830.jpg"},{"title":"DIA VITAL edulcorante stevia líquido botella 125 gr","price":"2,29 €","pricePerUnit":"(18,32 €/Kg.)","imgUrl":"https://s1.dia.es/medias/hb4/hdc/9076114391070.jpg"},{"title":"ECOCESTA sirope de agave bio bote 360 gr","price":"4,27 €","pricePerUnit":"(10,67 €/Kg.)","imgUrl":"https://s3.dia.es/medias/h52/h2b/9664458457118.jpg"},{"title":"NATREEN clássic edulcorante dosificador 300 comprimidos","price":"2,19 €","pricePerUnit":"(2,19 €/ud.)","imgUrl":"https://s3.dia.es/medias/h79/hf3/8992682999838.jpg"},{"title":"NATREEN edulcorante comprimidos stevia dosificador 120 comprimidos","price":"2,65 €","pricePerUnit":"(2,65 €/ud.)","imgUrl":"https://s0.dia.es/medias/h09/h5c/8992676053022.jpg"},{"title":"NATREEN edulcorante granulado sobres 50 gr","price":"2,19 €","pricePerUnit":"(43,80 €/Kg.)","imgUrl":"https://s3.dia.es/medias/ha0/h9d/9544930820126.jpg"},{"title":"NATREEN STEVIA edulcorante líquido frasco 125 ml","price":"4,19 €","pricePerUnit":"(33,52 €/l.)","imgUrl":"https://s2.dia.es/medias/h76/h03/8835223650334.png"},{"title":"SUNNY VIA sirope de agave bote 350 gr","price":"3,49 €","pricePerUnit":"(9,97 €/Kg.)","imgUrl":"https://s0.dia.es/medias/h40/ha6/8904603303966.jpg"},{"title":"TRUVÍA endulzante 0 calorías de la hoja de stevia 100 pc","price":"1,99 €","pricePerUnit":"(1,99 €/ud.)","imgUrl":"https://s1.dia.es/medias/h35/h2c/9502120607774.jpg"},{"title":"TRUVÍA endulzante 0 calorías de la hoja de stevia 40 sobres caja 60 gr","price":"2,35 €","pricePerUnit":"(39,17 €/Kg.)","imgUrl":"https://s2.dia.es/medias/ha1/h00/9520808460318.jpg"},{"title":"TRUVÍA endulzante 0 calorías de la hoja de stevia bote 270 gr","price":"7,04 €","pricePerUnit":"(26,07 €/Kg.)","imgUrl":"https://s0.dia.es/medias/h81/h26/9502103273502.jpg"}]}},"bolleria":{"name":"Bollería","productTypes":["bizcochos-y-magdalenas","croissants-ensaimadas-y-napolitanas","pan-de-leche-y-brioches","pastelitos-y-donuts","productos-regionales-y-de-campana","tartas-y-bizcochos","otros-productos"],"bizcochos-y-magdalenas":{"categoryUrl":"/compra-online/productos/desayuno-dulces-y-pan/bolleria/bizcochos-y-magdalenas/c/WEB.004.033.00252","products":[{"title":"ARENAS magdalenas concha bolsa 300 gr","price":"1,00 €","pricePerUnit":"(3,33 €/Kg.)","imgUrl":"https://s3.dia.es/medias/hb6/h91/8921724977182.jpg"},{"title":"BIMBO Círculo rojo bizcocho con crema de cacao y avellanas paquete 4 uds","price":"1,00 €","pricePerUnit":"(6,58 €/Kg.)","imgUrl":"https://s3.dia.es/medias/hdc/h65/8922942046238.jpg"},{"title":"BIMBO Little bites mini muffins con pepitas de chocolate bolsa 188 gr","price":"1,99 €","pricePerUnit":"(10,59 €/Kg.)","imgUrl":"https://s2.dia.es/medias/h9a/hc6/9650240225310.jpg"},{"title":"BIMBO magdalenas cuadradas caja 700 gr","price":"2,63 €","pricePerUnit":"(3,76 €/Kg.)","imgUrl":"https://s3.dia.es/medias/ha6/h6e/9082974732318.jpg"},{"title":"BIMBO magdalenas reina bolsa 615 gr","price":"1,99 €","pricePerUnit":"(3,24 €/Kg.)","imgUrl":"https://s2.dia.es/medias/hb7/he2/8904852340766.jpg"},{"title":"Bizcofruit tiernos y frescos paquete 180 gr","price":"1,00 €","pricePerUnit":"(5,56 €/Kg.)","imgUrl":"https://s3.dia.es/medias/h79/h25/8878307999774.png"},{"title":"CODAN conchas de chocolate caja 330 gr","price":"1,65 €","pricePerUnit":"(5,00 €/Kg.)","imgUrl":"https://s2.dia.es/medias/h0c/h98/9663426428958.jpg"},{"title":"CODAN magdalenas 0% azucares añadidos bolsa 350 gr","price":"2,09 €","pricePerUnit":"(5,97 €/Kg.)","imgUrl":"https://s0.dia.es/medias/hc3/hed/9663435669534.jpg"},{"title":"CODAN mini conchas de chocolate paquete 180gr","price":"1,14 €","pricePerUnit":"(6,33 €/Kg.)","imgUrl":"https://s1.dia.es/medias/he6/h09/9663446220830.jpg"},{"title":"CODAN mini conchas duocao paquete 180 gr","price":"1,00 €","pricePerUnit":"(5,56 €/Kg.)","imgUrl":"https://s1.dia.es/medias/h12/ha4/9663430361118.jpg"},{"title":"CODAN muffins de chocolate bolsa 4 uds 300 gr","price":"1,91 €","pricePerUnit":"(6,37 €/Kg.)","imgUrl":"https://s2.dia.es/medias/h6b/haf/9663461425182.jpg"},{"title":"CONDAN muffins con pepitas de chocolate bolsa 300 gr","price":"1,82 €","pricePerUnit":"(6,07 €/Kg.)","imgUrl":"https://s1.dia.es/medias/h2e/h9e/9663435997214.jpg"},{"title":"DIA bizcocho con cobertura al cacao paquete 330 gr","price":"0,99 €","pricePerUnit":"(3,00 €/Kg.)","imgUrl":"https://s0.dia.es/medias/hfb/hcb/8822999842846.png"},{"title":"DIA galletas de bizcocho con huevo paquete  400 grs","price":"1,05 €","pricePerUnit":"(2,63 €/Kg.)","imgUrl":"https://s2.dia.es/medias/h70/h09/9148302262302.jpg"},{"title":"DIA magdalena valenciana envasadas individualmente bolsa 350 gr","price":"0,79 €","pricePerUnit":"(2,26 €/Kg.)","imgUrl":"https://s1.dia.es/medias/h80/h3f/9114719748126.jpg"},{"title":"DIA magdalenas cuadradas envasadas individualmente bolsa 380 gr","price":"0,67 €","pricePerUnit":"(1,76 €/Kg.)","imgUrl":"https://s1.dia.es/medias/h72/h66/9515705597982.jpg"},{"title":"DIA magdalenas redondas envasadas individualmente bolsa 615 gr","price":"1,05 €","pricePerUnit":"(1,71 €/Kg.)","imgUrl":"https://s1.dia.es/medias/he8/h1a/8984101453854.jpg"},{"title":"DIA mantecadas envasadas individualmente bolsa 350 gr","price":"1,30 €","pricePerUnit":"(3,71 €/Kg.)","imgUrl":"https://s1.dia.es/medias/hff/h68/8929529167902.png"},{"title":"DIA mini sobaos bolsa 340 gr","price":"1,04 €","pricePerUnit":"(3,06 €/Kg.)","imgUrl":"https://s1.dia.es/medias/h4d/h6c/8984083955742.jpg"},{"title":"DIA mojicón envasados individualmente bolsa 500gr","price":"1,93 €","pricePerUnit":"(3,86 €/Kg.)","imgUrl":"https://s2.dia.es/medias/ha3/hf7/8823801053214.png"},{"title":"DIA sobaos paquete 350 gr","price":"0,77 €","pricePerUnit":"(2,20 €/Kg.)","imgUrl":"https://s1.dia.es/medias/hb1/h1e/8823273586718.png"},{"title":"DIA VITAL magdalenas sin lactosa y SIN GLUTEN bolsa 230 gr","price":"3,10 €","pricePerUnit":"(13,48 €/Kg.)","imgUrl":"https://s1.dia.es/medias/h5e/h39/9039656386590.jpg"},{"title":"DR. SCHAR muffins choco SIN GLUTEN caja 260 gr","price":"3,61 €","pricePerUnit":"(13,88 €/Kg.)","imgUrl":"https://s3.dia.es/medias/h97/h4d/8849741021214.png"},{"title":"DULCESOL magdalena valenciana bolsa 350 gr","price":"1,00 €","pricePerUnit":"(2,86 €/Kg.)","imgUrl":"https://s0.dia.es/medias/h7f/h04/9381249318942.jpg"},{"title":"DULCESOL magdalenas caseras paquete 300 gr","price":"1,25 €","pricePerUnit":"(4,17 €/Kg.)","imgUrl":"https://s0.dia.es/medias/h64/h4f/9007518973982.jpg"},{"title":"LA ABUELA magdalenas bolsa 620 gr","price":"2,45 €","pricePerUnit":"(3,95 €/Kg.)","imgUrl":"https://s2.dia.es/medias/h7e/h2f/8898085290014.jpg"},{"title":"LA ABUELA magdalenas con mantequilla bolsa 450 gr","price":"2,09 €","pricePerUnit":"(4,64 €/Kg.)","imgUrl":"https://s3.dia.es/medias/hff/he5/9076090241054.jpg"},{"title":"LA ABUELA magdalenas de chocolate bolsa 360 gr","price":"1,69 €","pricePerUnit":"(4,69 €/Kg.)","imgUrl":"https://s1.dia.es/medias/ha1/h26/8898083651614.jpg"},{"title":"LA BELLA EASO magdalena redonda bolsa 292 gr","price":"1,29 €","pricePerUnit":"(4,42 €/Kg.)","imgUrl":"https://s1.dia.es/medias/h36/hfc/9268696645662.jpg"},{"title":"LA BELLA EASO magdalena redonda bolsa 526 gr","price":"2,19 €","pricePerUnit":"(4,16 €/Kg.)","imgUrl":"https://s3.dia.es/medias/h55/h5c/9268717617182.jpg"},{"title":"LA FILO bizcocho soletilla paquete 300 gr","price":"1,16 €","pricePerUnit":"(3,87 €/Kg.)","imgUrl":"https://s2.dia.es/medias/ha1/h74/8833834942494.png"},{"title":"LUNA magdalenas de yogur bolsa 370 gr","price":"1,39 €","pricePerUnit":"(3,76 €/Kg.)","imgUrl":"https://s2.dia.es/medias/h4e/hcd/8945742413854.jpg"},{"title":"LUNA mojicones con pepitas de chocolate bolsa 360 gr","price":"1,00 €","pricePerUnit":"(2,78 €/Kg.)","imgUrl":"https://s0.dia.es/medias/hd5/hff/8962777219102.jpg"},{"title":"MARTINEZ sobaos con mantequilla natural bolsa 30 uds 600 gr","price":"3,03 €","pricePerUnit":"(5,05 €/Kg.)","imgUrl":"https://s1.dia.es/medias/h7f/h6d/8888190828574.jpg"},{"title":"MILKA cake & choc paquete 175 gr","price":"2,09 €","pricePerUnit":"(11,94 €/Kg.)","imgUrl":"https://s0.dia.es/medias/h26/h9e/9556185251870.jpg"},{"title":"PROCELI bizcocho marmolado SIN GLUTEN paquete 180 gr","price":"2,75 €","pricePerUnit":"(15,28 €/Kg.)","imgUrl":"https://s2.dia.es/medias/h32/h67/9552655384606.jpg"},{"title":"PROCELI magdalenas SIN GLUTEN bolsa 160 gr","price":"2,78 €","pricePerUnit":"(17,37 €/Kg.)","imgUrl":"https://s0.dia.es/medias/h6b/h60/9552646275102.jpg"},{"title":"PRODUCTOS LOPEZ magdalena valenciana con aceite de oliva 320 gr","price":"1,42 €","pricePerUnit":"(4,44 €/Kg.)","imgUrl":"https://s1.dia.es/medias/h76/h4e/8835144941598.png"},{"title":"VEGA PAZ sobaos paquete 450 gr","price":"1,94 €","pricePerUnit":"(4,31 €/Kg.)","imgUrl":"https://s3.dia.es/medias/h18/h36/9568194953246.jpg"}]},"croissants-ensaimadas-y-napolitanas":{"categoryUrl":"/compra-online/productos/desayuno-dulces-y-pan/bolleria/croissants-ensaimadas-y-napolitanas/c/WEB.004.033.00253","products":[{"title":"ARRUABARRENA croissant bañado sabor a chocolate paquete 140 gr","price":"1,00 €","pricePerUnit":"(7,14 €/Kg.)","imgUrl":"https://s2.dia.es/medias/h70/h1e/9041091461150.jpg"},{"title":"Croissants 6 uds 240 gr","price":"1,00 €","pricePerUnit":"(4,17 €/Kg.)","imgUrl":"https://s0.dia.es/medias/h45/h3a/9266855870494.jpg"},{"title":"DIA croissants bolsa 450 gr","price":"1,00 €","pricePerUnit":"(2,22 €/Kg.)","imgUrl":"https://s2.dia.es/medias/h2d/h16/9515700944926.jpg"},{"title":"DIA croissants rellenos de cacao bolsa 360gr","price":"1,09 €","pricePerUnit":"(3,03 €/Kg.)","imgUrl":"https://s3.dia.es/medias/h0e/h78/9515710185502.jpg"},{"title":"DIA ensaimadas paquete 220 gr","price":"0,80 €","pricePerUnit":"(3,64 €/Kg.)","imgUrl":"https://s0.dia.es/medias/h93/ha6/9515706908702.jpg"},{"title":"DIA mini croissants con cacao bolsa 150 gr","price":"0,77 €","pricePerUnit":"(5,13 €/Kg.)","imgUrl":"https://s0.dia.es/medias/h95/h09/9515708874782.jpg"},{"title":"DIA napolitana rellena de chocolate paquete 320 gr","price":"1,09 €","pricePerUnit":"(3,41 €/Kg.)","imgUrl":"https://s3.dia.es/medias/h23/hc9/9667553853470.jpg"},{"title":"MELS hojaldre de astorga paquete 180 gr","price":"1,00 €","pricePerUnit":"(5,56 €/Kg.)","imgUrl":"https://s2.dia.es/medias/hac/ha1/9541947883550.jpg"}]},"pan-de-leche-y-brioches":{"categoryUrl":"/compra-online/productos/desayuno-dulces-y-pan/bolleria/pan-de-leche-y-brioches/c/WEB.004.033.00254","products":[{"title":"BRIOCHE PASQUIER bollitos bolsa 320 gr","price":"1,89 €","pricePerUnit":"(5,91 €/Kg.)","imgUrl":"https://s0.dia.es/medias/hbe/h10/9369570934814.jpg"},{"title":"BRIOCHE PASQUIER pan de leche bolsa 280 gr","price":"1,99 €","pricePerUnit":"(7,11 €/Kg.)","imgUrl":"https://s3.dia.es/medias/h5a/h72/9369560612894.jpg"},{"title":"DIA pan de leche bolsa 480 gr","price":"1,25 €","pricePerUnit":"(2,60 €/Kg.)","imgUrl":"https://s1.dia.es/medias/h85/h43/9515706581022.jpg"},{"title":"DR. SCHAR pan dulce SIN GLUTEN envase 200 gr","price":"2,50 €","pricePerUnit":"(12,50 €/Kg.)","imgUrl":"https://s3.dia.es/medias/ha3/h6b/9551989604382.jpg"},{"title":"LA BELLA EASO pan de leche bolsa 280 gr","price":"2,19 €","pricePerUnit":"(7,82 €/Kg.)","imgUrl":"https://s3.dia.es/medias/h2c/h21/8916684800030.jpg"}]},"pastelitos-y-donuts":{"categoryUrl":"/compra-online/productos/desayuno-dulces-y-pan/bolleria/pastelitos-y-donuts/c/WEB.004.033.00255","products":[{"title":"BIMBO mini pastelitos pantera rosa paquete 7 uds 161 gr","price":"1,99 €","pricePerUnit":"(12,36 €/Kg.)","imgUrl":"https://s3.dia.es/medias/h7e/haa/9648385851422.jpg"},{"title":"BIMBO mini pastelitos tigretón paquete 7 uds 175 gr","price":"1,99 €","pricePerUnit":"(11,37 €/Kg.)","imgUrl":"https://s0.dia.es/medias/h92/hf0/9648393846814.jpg"},{"title":"BIMBO pastelito pantera rosa paquete 3 uds 165 gr","price":"1,50 €","pricePerUnit":"(9,09 €/Kg.)","imgUrl":"https://s0.dia.es/medias/hf8/h3f/9585737302046.jpg"},{"title":"BIMBO pastelito tigretón paquete 3 uds 150 gr","price":"1,50 €","pricePerUnit":"(10,00 €/Kg.)","imgUrl":"https://s2.dia.es/medias/hd4/hf6/9585736974366.jpg"},{"title":"BOLLYCAO Dokyo 4 unidades paquete 180 gr","price":"1,99 €","pricePerUnit":"(11,06 €/Kg.)","imgUrl":"https://s3.dia.es/medias/h68/h55/9251435249694.jpg"},{"title":"BOLLYCAO mañanitos leche 8 unidades paquete 296 gr","price":"2,00 €","pricePerUnit":"(0,25 €/ud.)","imgUrl":"https://s1.dia.es/medias/hf3/h9d/8916734607390.png"},{"title":"BOLLYCAO mini bollycaos 6 unidades paquete 90 gr","price":"1,22 €","pricePerUnit":"(13,56 €/Kg.)","imgUrl":"https://s0.dia.es/medias/h53/h7c/9251357261854.jpg"},{"title":"BOLLYCAO relleno de chocolate con leche paquete 4 uds 232 gr","price":"1,99 €","pricePerUnit":"(8,29 €/Kg.)","imgUrl":"https://s3.dia.es/medias/h92/hf2/9248305152030.jpg"},{"title":"BOLLYCAO relleno de chocolate paquete 4 uds 232 gr","price":"1,99 €","pricePerUnit":"(8,29 €/Kg.)","imgUrl":"https://s3.dia.es/medias/he2/h79/9248296239134.jpg"},{"title":"BONY pastelitos rellenos bolsa 165 gr","price":"1,50 €","pricePerUnit":"(9,09 €/Kg.)","imgUrl":"https://s0.dia.es/medias/h72/hc2/9585738285086.jpg"},{"title":"CUETARA Tosta rica bizcochitos rellenos caja 125 gr","price":"1,98 €","pricePerUnit":"(15,84 €/Kg.)","imgUrl":"https://s1.dia.es/medias/hac/he8/9683274727454.jpg"},{"title":"CUETARA Tosta rica bizcochitos rellenos oceanix caja 160 gr","price":"1,99 €","pricePerUnit":"(12,44 €/Kg.)","imgUrl":"https://s2.dia.es/medias/h85/h2e/9667551002654.jpg"},{"title":"DIA bizcocho relleno de chocolate choco monkey paquete 150 gr","price":"1,09 €","pricePerUnit":"(7,27 €/Kg.)","imgUrl":"https://s3.dia.es/medias/h39/hc2/9529515278366.jpg"},{"title":"DIA bollo con crema de cacao bolsa 240 gr","price":"1,29 €","pricePerUnit":"(5,38 €/Kg.)","imgUrl":"https://s3.dia.es/medias/he0/h41/9333289877534.jpg"},{"title":"DIA cañas rellenas de crema 4 uds paquete 380 gr","price":"1,63 €","pricePerUnit":"(4,29 €/Kg.)","imgUrl":"https://s2.dia.es/medias/h07/ha0/8861452009502.png"},{"title":"DIA gofre recubierto de chocolate paquete 360 gr","price":"1,79 €","pricePerUnit":"(4,97 €/Kg.)","imgUrl":"https://s0.dia.es/medias/h0a/hc1/8823787421726.png"},{"title":"DIA mini brazo al cacao paquete  200 gr","price":"0,88 €","pricePerUnit":"(4,40 €/Kg.)","imgUrl":"https://s0.dia.es/medias/hd0/h26/8825604735006.png"},{"title":"DIA minirocks chocolate estuche 8 uds 155gr","price":"0,89 €","pricePerUnit":"(5,74 €/Kg.)","imgUrl":"https://s1.dia.es/medias/hfb/h4f/8823865016350.png"},{"title":"DIA rosquillas glaseadas estuche 4 uds 220 gr","price":"1,35 €","pricePerUnit":"(6,14 €/Kg.)","imgUrl":"https://s2.dia.es/medias/hc9/hd6/8822476734494.png"},{"title":"DONETTES clásicos estuche 7+ 2 uds 162 gr","price":"1,79 €","pricePerUnit":"(11,78 €/Kg.)","imgUrl":"https://s1.dia.es/medias/h82/hbc/9650401542174.jpg"},{"title":"DONETTES rayados estuche 7 uds 152 gr","price":"1,79 €","pricePerUnit":"(10,17 €/Kg.)","imgUrl":"https://s0.dia.es/medias/h49/h7e/9650442502174.jpg"},{"title":"DONUTS bombón estuche 4 uds 200 gr","price":"1,99 €","pricePerUnit":"(9,95 €/Kg.)","imgUrl":"https://s3.dia.es/medias/h85/h42/9246971297822.jpg"},{"title":"DONUTS fondant estuche 2 uds 102 gr","price":"1,39 €","pricePerUnit":"(13,63 €/Kg.)","imgUrl":"https://s1.dia.es/medias/h91/h6e/9245029203998.jpg"},{"title":"DONUTS fondant estuche 4 uds 204 gr","price":"1,99 €","pricePerUnit":"(9,75 €/Kg.)","imgUrl":"https://s3.dia.es/medias/hbb/hc5/9114726498334.jpg"},{"title":"DONUTS glaseado estuche 4 uds 200 gr","price":"1,99 €","pricePerUnit":"(9,95 €/Kg.)","imgUrl":"https://s2.dia.es/medias/h95/h38/8916733034526.png"},{"title":"DULCESOL bizcochoco paquete 6 uds 360 gr","price":"1,52 €","pricePerUnit":"(4,22 €/Kg.)","imgUrl":"https://s2.dia.es/medias/hd4/hb4/8832927825950.png"},{"title":"DULCESOL caña relleno de crema 5 uds paquete 312 gr","price":"1,31 €","pricePerUnit":"(4,20 €/Kg.)","imgUrl":"https://s1.dia.es/medias/hbd/h72/9592301027358.jpg"},{"title":"DULCESOL pandorino relleno de cacao bolsa 6 uds 360 gr","price":"1,44 €","pricePerUnit":"(4,00 €/Kg.)","imgUrl":"https://s2.dia.es/medias/h92/h0b/9550825488414.jpg"},{"title":"DULCIPAVA bollitos chocolate caja 260 gr","price":"1,99 €","pricePerUnit":"(7,65 €/Kg.)","imgUrl":"https://s2.dia.es/medias/had/ha7/9371335688222.jpg"},{"title":"LA BELLA EASO weikis chocolate con leche bolsa 250 gr","price":"1,99 €","pricePerUnit":"(7,96 €/Kg.)","imgUrl":"https://s2.dia.es/medias/h33/hdb/9148399255582.jpg"},{"title":"MELS bollo mix leche paquete 200 gr","price":"1,00 €","pricePerUnit":"(5,00 €/Kg.)","imgUrl":"https://s2.dia.es/medias/h04/h08/8879341731870.jpg"},{"title":"MILKA choco tutti  paquete 150 gr","price":"2,40 €","pricePerUnit":"(16,00 €/Kg.)","imgUrl":"https://s3.dia.es/medias/hde/h9c/9550771290142.jpg"},{"title":"PHOSKITOS bollitos rellenos de leche estuche 4 uds 160 gr","price":"2,55 €","pricePerUnit":"(15,94 €/Kg.)","imgUrl":"https://s1.dia.es/medias/ha0/h99/9667587833886.jpg"},{"title":"QÉ gofre paquete 120 gr","price":"0,99 €","pricePerUnit":"(8,25 €/Kg.)","imgUrl":"https://s0.dia.es/medias/h72/hd4/8916557135902.jpg"},{"title":"QÉ mini pastelitos mr. brown sabor choco paquete 6 uds 150 gr","price":"1,99 €","pricePerUnit":"(13,27 €/Kg.)","imgUrl":"https://s2.dia.es/medias/h71/h62/9546317725726.jpg"},{"title":"VISANA rejas de sesamo choco integrales sin azucares paquete 175 gr","price":"1,00 €","pricePerUnit":"(5,71 €/Kg.)","imgUrl":"https://s0.dia.es/medias/hd4/h27/8835161718814.png"}]},"productos-regionales-y-de-campana":{"categoryUrl":"/compra-online/productos/desayuno-dulces-y-pan/bolleria/productos-regionales-y-de-campana/c/WEB.004.033.00256","products":[{"title":"BARAYGON lazos hojaldre bolsa 250 gr","price":"1,30 €","pricePerUnit":"(5,20 €/Kg.)","imgUrl":"https://s3.dia.es/medias/he4/hee/8878323204126.png"},{"title":"BLANCO pastas artesanas de almendras 400 gr","price":"2,15 €","pricePerUnit":"(5,38 €/Kg.)","imgUrl":"https://s0.dia.es/medias/h1a/h73/8979737935902.jpg"},{"title":"BRUJAS DEL NORTE rosquillas bolsa 220 gr","price":"1,00 €","pricePerUnit":"(4,55 €/Kg.)","imgUrl":"https://s1.dia.es/medias/he3/hab/9114717388830.jpg"},{"title":"DAVEIGA galletas crackers marineras bolsa 200 gr","price":"2,09 €","pricePerUnit":"(10,45 €/Kg.)","imgUrl":"https://s3.dia.es/medias/h96/hc1/9633682587678.jpg"},{"title":"DIA rosquilletas azucar bolsa 250 gr","price":"1,07 €","pricePerUnit":"(4,28 €/Kg.)","imgUrl":"https://s1.dia.es/medias/h4a/h2f/8822997221406.png"},{"title":"DULCIVAPA rosquillas hojaldre rayadas 220 gr","price":"1,69 €","pricePerUnit":"(7,68 €/Kg.)","imgUrl":"https://s2.dia.es/medias/ha4/hb3/9115186069534.jpg"},{"title":"DULCIVAPA tortas de alcázar bolsa 6 uds","price":"2,09 €","pricePerUnit":"(7,74 €/Kg.)","imgUrl":"https://s1.dia.es/medias/hab/h95/8958536450078.png"},{"title":"FABIAN MARTIN obleas bolsa 24 uds","price":"1,99 €","pricePerUnit":"(0,08 €/ud.)","imgUrl":"https://s1.dia.es/medias/h65/hbb/9520144777246.jpg"},{"title":"HOJALDRES ALONSO miguelitos caja 700 gr","price":"3,52 €","pricePerUnit":"(5,03 €/Kg.)","imgUrl":"https://s0.dia.es/medias/h5d/h55/8864540557342.jpg"},{"title":"INES ROSALES tortas aceite de oliva sin azúcares paquete 180 gr","price":"2,15 €","pricePerUnit":"(11,94 €/Kg.)","imgUrl":"https://s3.dia.es/medias/h3a/h5a/9656209342494.jpg"},{"title":"INES ROSALES tortas de anís con aceite de oliva paquete 180 gr","price":"1,39 €","pricePerUnit":"(7,72 €/Kg.)","imgUrl":"https://s3.dia.es/medias/h25/h53/9107699761182.jpg"},{"title":"Monjas rosquillas artesanas 275 gr","price":"1,60 €","pricePerUnit":"(5,82 €/Kg.)","imgUrl":"https://s3.dia.es/medias/hfe/h0d/8898084765726.png"},{"title":"REGLERO nevaditos caja 500 gr","price":"3,25 €","pricePerUnit":"(6,50 €/Kg.)","imgUrl":"https://s2.dia.es/medias/h0d/h0f/8835359899678.png"},{"title":"Rosquillas bolsa 250 gr","price":"1,95 €","pricePerUnit":"(7,80 €/Kg.)","imgUrl":"https://s1.dia.es/medias/h45/h23/8979753599006.jpg"},{"title":"Volauvent cuadrado mediano paquete 6 uds","price":"1,99 €","pricePerUnit":"(0,33 €/ud.)","imgUrl":"https://s1.dia.es/medias/h5d/he4/8877297598494.png"},{"title":"Volauvent mini paquete 12 uds","price":"1,99 €","pricePerUnit":"(0,17 €/ud.)","imgUrl":"https://s0.dia.es/medias/ha5/hb7/8877291831326.png"}]},"tartas-y-bizcochos":{"categoryUrl":"/compra-online/productos/desayuno-dulces-y-pan/bolleria/tartas-y-bizcochos/c/WEB.004.033.00257","products":[{"title":"Bizcocho de chocolate marmolado 350 gr","price":"2,35 €","pricePerUnit":"(6,71 €/Kg.)","imgUrl":"https://s2.dia.es/medias/ha5/h97/8819090161694.png"},{"title":"Bizcocho de limón 350 gr","price":"2,35 €","pricePerUnit":"(6,71 €/Kg.)","imgUrl":"https://s3.dia.es/medias/h37/h12/8819568902174.png"},{"title":"CONVENTO bizcocho 200 gr","price":"1,00 €","pricePerUnit":"(5,00 €/Kg.)","imgUrl":"https://s2.dia.es/medias/h2e/h58/8979824181278.jpg"},{"title":"HORNO DE SAN JUAN tarta de manzana envase 300 gr","price":"2,10 €","pricePerUnit":"(7,00 €/Kg.)","imgUrl":"https://s3.dia.es/medias/h12/hf9/9098589241374.jpg"},{"title":"HORNO DE SAN JUAN tarta triple chocolate 300 gr","price":"2,30 €","pricePerUnit":"(7,67 €/Kg.)","imgUrl":"https://s2.dia.es/medias/hb0/h95/9115218182174.jpg"},{"title":"MELS tarta tiramisu paquete 200 gr","price":"1,00 €","pricePerUnit":"(5,00 €/Kg.)","imgUrl":"https://s1.dia.es/medias/h5c/h3c/8819056082974.png"},{"title":"MENAL bizcocho placer frutos secos 300 gr","price":"2,10 €","pricePerUnit":"(7,00 €/Kg.)","imgUrl":"https://s0.dia.es/medias/hb8/hce/9115226767390.jpg"},{"title":"MENAL capricho nata y fresa 300 gr","price":"2,10 €","pricePerUnit":"(7,00 €/Kg.)","imgUrl":"https://s3.dia.es/medias/he5/h2d/8878463418398.png"},{"title":"MENAL rosco de marmol paquete 400 gr","price":"2,00 €","pricePerUnit":"(5,00 €/Kg.)","imgUrl":"https://s3.dia.es/medias/hbb/hf2/8820572880926.png"}]},"otros-productos":{"categoryUrl":"/compra-online/productos/desayuno-dulces-y-pan/bolleria/otros-productos/c/WEB.004.033.00258","products":[{"title":"DIA crepes rellenos de chocolate bolsa 192 gr","price":"1,95 €","pricePerUnit":"(10,16 €/Kg.)","imgUrl":"https://s2.dia.es/medias/hbd/he3/8821922299934.png"},{"title":"DIA medias noches bolsa 250 gr","price":"1,20 €","pricePerUnit":"(4,80 €/Kg.)","imgUrl":"https://s0.dia.es/medias/h06/h2c/9521928339486.jpg"},{"title":"DIA palmeras de hojaldre al cacao bolsa 260 gr","price":"1,65 €","pricePerUnit":"(6,35 €/Kg.)","imgUrl":"https://s2.dia.es/medias/h8c/hff/9628196175902.jpg"},{"title":"DIA palmeritas hojaldre bandeja 270 gr","price":"0,81 €","pricePerUnit":"(3,00 €/Kg.)","imgUrl":"https://s0.dia.es/medias/hd3/h1d/9628201484318.jpg"},{"title":"DIA tarta de manzana paquete 6 x 65 gr","price":"1,89 €","pricePerUnit":"(4,85 €/Kg.)","imgUrl":"https://s0.dia.es/medias/hf3/ha1/9142013100062.jpg"},{"title":"DIA torta de aceite de oliva paquete 180 gr","price":"0,92 €","pricePerUnit":"(5,11 €/Kg.)","imgUrl":"https://s2.dia.es/medias/hff/h87/8823786897438.png"},{"title":"DULCESOL bocaditos de naranja paquete 210 gr","price":"1,00 €","pricePerUnit":"(4,76 €/Kg.)","imgUrl":"https://s1.dia.es/medias/h29/h49/8878368096286.png"},{"title":"DULCESOL bocaditos paquete 370 gr","price":"1,52 €","pricePerUnit":"(4,11 €/Kg.)","imgUrl":"https://s0.dia.es/medias/h34/h10/9552725278750.jpg"},{"title":"DULCESOL tortas de anís paquete 400 gr","price":"1,42 €","pricePerUnit":"(3,55 €/Kg.)","imgUrl":"https://s3.dia.es/medias/h9d/hcb/9381783240734.jpg"},{"title":"DULCIPAVA palmeras integrales paquete 175 gr","price":"1,95 €","pricePerUnit":"(11,14 €/Kg.)","imgUrl":"https://s3.dia.es/medias/h86/h86/8878274379806.png"},{"title":"LA ABUELA coca casera bolsa 320 gr","price":"1,39 €","pricePerUnit":"(4,34 €/Kg.)","imgUrl":"https://s3.dia.es/medias/h97/h6d/8877186973726.png"},{"title":"LA ABUELA coca casera con nueces bolsa 400 gr","price":"1,99 €","pricePerUnit":"(4,98 €/Kg.)","imgUrl":"https://s2.dia.es/medias/h75/h33/8879559671838.png"},{"title":"Marble bizcochos suaves y tiernos paquete 200 gr","price":"1,00 €","pricePerUnit":"(5,00 €/Kg.)","imgUrl":"https://s1.dia.es/medias/h99/h80/8878303871006.png"},{"title":"Medias noches bolsa 7 uds 175 gr","price":"1,49 €","pricePerUnit":"(8,51 €/Kg.)"},{"title":"Palmeras de hojaldre bolsa 250 gr","price":"1,30 €","pricePerUnit":"(5,20 €/Kg.)","imgUrl":"https://s1.dia.es/medias/h46/hc9/8878345093150.png"},{"title":"Palmeras recubiertas de cacao bolsa 250 gr","price":"1,49 €","pricePerUnit":"(5,96 €/Kg.)","imgUrl":"https://s2.dia.es/medias/h57/hb6/8878449262622.png"}]}},"cacao":{"name":"Cacao","productTypes":["cacao-soluble-instantaneo","cremas-de-cacao"],"cacao-soluble-instantaneo":{"categoryUrl":"/compra-online/productos/desayuno-dulces-y-pan/cacao/cacao-soluble-instantaneo/c/WEB.004.034.00259","products":[{"title":"AVENACAO cacao soluble con avena bote 350 gr","price":"3,95 €","pricePerUnit":"(11,29 €/Kg.)"},{"title":"CASINO BIO cacao soluble caja 500 gr","price":"2,99 €","pricePerUnit":"(5,98 €/Kg.)","imgUrl":"https://s1.dia.es/medias/h3f/ha4/9327488008222.jpg"},{"title":"COLACAO cacao instantáneo complet bote 360 gr","price":"3,19 €","pricePerUnit":"(8,86 €/Kg.)","imgUrl":"https://s0.dia.es/medias/h32/hcc/9657147555870.jpg"},{"title":"COLACAO cacao soluble 0% azúcares y grasas bote 300 gr","price":"3,39 €","pricePerUnit":"(11,30 €/Kg.)","imgUrl":"https://s0.dia.es/medias/h3c/h02/9657235505182.jpg"},{"title":"COLACAO cacao soluble bolsa 1.2 Kg","price":"6,95 €","pricePerUnit":"(5,79 €/Kg.)","imgUrl":"https://s2.dia.es/medias/hca/h29/9596010168350.jpg"},{"title":"COLACAO cacao soluble bote 390 gr","price":"2,89 €","pricePerUnit":"(7,41 €/Kg.)","imgUrl":"https://s0.dia.es/medias/h53/hdc/9671031291934.jpg"},{"title":"COLACAO cacao soluble caja 3 Kg","price":"13,95 €","pricePerUnit":"(4,89 €/Kg.)","imgUrl":"https://s3.dia.es/medias/he9/hfd/9639219527710.jpg"},{"title":"COLACAO cacao soluble caja 6 sobres 18 gr","price":"1,89 €","pricePerUnit":"(17,50 €/Kg.)","imgUrl":"https://s2.dia.es/medias/hd3/h69/9595943583774.jpg"},{"title":"COLACAO cacao soluble con fibra 0% azúcares y grasas bote 300 gr","price":"3,39 €","pricePerUnit":"(11,30 €/Kg.)","imgUrl":"https://s3.dia.es/medias/he1/hf2/9657167216670.jpg"},{"title":"COLACAO cacao soluble instantáneo turbo bote 750 gr","price":"4,99 €","pricePerUnit":"(6,65 €/Kg.)","imgUrl":"https://s2.dia.es/medias/ha5/h52/9657101287454.jpg"},{"title":"COLACAO cacao soluble original caja 5.7 Kg","price":"22,85 €","pricePerUnit":"(4,01 €/Kg.)","imgUrl":"https://s3.dia.es/medias/h7c/h30/9598401183774.jpg"},{"title":"COLACAO original bote 770 gr","price":"4,99 €","pricePerUnit":"(6,48 €/Kg.)","imgUrl":"https://s2.dia.es/medias/h00/h2d/9618147606558.jpg"},{"title":"DIA cacao en polvo bolsa 400 grs","price":"1,25 €","pricePerUnit":"(3,13 €/Kg.)","imgUrl":"https://s0.dia.es/medias/h3b/h79/9582212612126.jpg"},{"title":"DIA cacao instantaneo bote 800 gr","price":"3,21 €","pricePerUnit":"(4,01 €/Kg.)","imgUrl":"https://s3.dia.es/medias/h6e/hbe/8984064131102.jpg"},{"title":"DIA cacao instantáneo bolsa 1.2 Kg","price":"3,58 €","pricePerUnit":"(2,98 €/Kg.)","imgUrl":"https://s1.dia.es/medias/h80/h72/9015817863198.jpg"},{"title":"DIA cacao soluble bolsa 1,5 kg","price":"4,29 €","pricePerUnit":"(2,86 €/Kg.)","imgUrl":"https://s2.dia.es/medias/h3f/h2f/8822914908190.png"},{"title":"DIA cacao soluble bote 900 gr","price":"2,65 €","pricePerUnit":"(2,94 €/Kg.)","imgUrl":"https://s0.dia.es/medias/h65/h71/8825573802014.png"},{"title":"DIA VITAL cacao soluble 0% azúcares bote 325 gr","price":"2,40 €","pricePerUnit":"(7,38 €/Kg.)","imgUrl":"https://s1.dia.es/medias/hbf/he3/8984090902558.jpg"},{"title":"NESTLE NESQUIK cacao instantaneo bolsa  1,5 kg","price":"7,05 €","pricePerUnit":"(4,70 €/Kg.)","imgUrl":"https://s0.dia.es/medias/hb6/hbf/9637897732126.jpg"},{"title":"NESTLE NESQUIK cacao instantaneo estuche 5 + 1 kg","price":"20,20 €","pricePerUnit":"(3,37 €/Kg.)","imgUrl":"https://s2.dia.es/medias/hb3/h8d/9603760521246.jpg"},{"title":"NESTLE NESQUIK cacao instantaneo lata 400 gr","price":"2,38 €","pricePerUnit":"(5,95 €/Kg.)","imgUrl":"https://s2.dia.es/medias/hc9/hf6/9572954210334.jpg"},{"title":"NESTLE NESQUIK cacao instantaneo lata 800 gr","price":"4,35 €","pricePerUnit":"(5,44 €/Kg.)","imgUrl":"https://s2.dia.es/medias/hb8/h84/9573072240670.jpg"},{"title":"NESTLE NESQUIK cacao instantáneo 30% menos azúcar lata 350 gr","price":"3,49 €","pricePerUnit":"(9,97 €/Kg.)","imgUrl":"https://s0.dia.es/medias/h77/hca/9612003934238.jpg"},{"title":"NESTLE NESQUIK cacao instantáneo caja 3 Kg","price":"12,40 €","pricePerUnit":"(4,13 €/Kg.)","imgUrl":"https://s2.dia.es/medias/h25/h63/9590661021726.jpg"},{"title":"OXFAM cacao instantáneo bio bote 400 gr","price":"4,29 €","pricePerUnit":"(10,73 €/Kg.)","imgUrl":"https://s2.dia.es/medias/heb/hcc/9498845610014.jpg"},{"title":"VALOR cacao puro en polvo bote 250 gr","price":"3,79 €","pricePerUnit":"(15,16 €/Kg.)","imgUrl":"https://s1.dia.es/medias/hee/he6/9683324731422.jpg"}]},"cremas-de-cacao":{"categoryUrl":"/compra-online/productos/desayuno-dulces-y-pan/cacao/cremas-de-cacao/c/WEB.004.034.00260","products":[{"title":"Crema de cacao duo frasco 750 gr","price":"2,82 €","pricePerUnit":"(3,76 €/Kg.)","imgUrl":"https://s2.dia.es/medias/hdb/had/8993920942110.jpg"},{"title":"Crema de cacao frasco 750 gr","price":"2,82 €","pricePerUnit":"(3,76 €/Kg.)","imgUrl":"https://s1.dia.es/medias/h5a/h53/8993991458846.jpg"},{"title":"DIA crema de cacao duo frasco 400 gr","price":"1,32 €","pricePerUnit":"(3,30 €/Kg.)","imgUrl":"https://s3.dia.es/medias/h49/h75/9118243586078.jpg"},{"title":"DIA crema de cacao frasco 400 gr","price":"1,32 €","pricePerUnit":"(3,30 €/Kg.)","imgUrl":"https://s0.dia.es/medias/h9d/h0f/9118191091742.jpg"},{"title":"NOCILLA crema de cacao 0% azúcares añadidos con stevia vaso 190 gr","price":"2,45 €","pricePerUnit":"(12,89 €/Kg.)","imgUrl":"https://s0.dia.es/medias/hbc/h56/9678801272862.jpg"},{"title":"NOCILLA crema de cacao original vaso 380 gr","price":"2,85 €","pricePerUnit":"(7,50 €/Kg.)","imgUrl":"https://s3.dia.es/medias/h95/hd9/9678796947486.jpg"},{"title":"NOCILLA Duo crema de cacao tarro 650 gr","price":"4,40 €","pricePerUnit":"(6,77 €/Kg.)","imgUrl":"https://s1.dia.es/medias/h42/h0d/9678783053854.jpg"},{"title":"NOCILLA Duo crema de cacao vaso 380 gr","price":"2,85 €","pricePerUnit":"(7,50 €/Kg.)","imgUrl":"https://s0.dia.es/medias/h02/ha5/9678784757790.jpg"},{"title":"NOCILLA duo vaso 190 grs","price":"1,99 €","pricePerUnit":"(10,47 €/Kg.)","imgUrl":"https://s3.dia.es/medias/hf5/h98/9678800617502.jpg"},{"title":"NOCILLA original crema de cacao tarro 650 gr","price":"4,40 €","pricePerUnit":"(6,77 €/Kg.)","imgUrl":"https://s0.dia.es/medias/ha0/h20/9678795309086.jpg"},{"title":"NOCILLA original vaso 190 grs","price":"1,99 €","pricePerUnit":"(10,47 €/Kg.)","imgUrl":"https://s2.dia.es/medias/h7e/haf/9678789017630.jpg"},{"title":"NUTELLA crema de cacao frasco 350 gr","price":"3,16 €","pricePerUnit":"(9,03 €/Kg.)","imgUrl":"https://s3.dia.es/medias/h2b/h4d/9656216879134.jpg"},{"title":"NUTELLA crema de cacao frasco 750 gr","price":"4,99 €","pricePerUnit":"(6,65 €/Kg.)","imgUrl":"https://s3.dia.es/medias/h3e/hfe/9656212946974.jpg"},{"title":"NUTELLA crema de cacao vaso 200 gr","price":"2,42 €","pricePerUnit":"(12,10 €/Kg.)","imgUrl":"https://s3.dia.es/medias/h40/h85/9656206983198.jpg"}]}},"cafe":{"name":"Café","productTypes":["en-grano","molido-descafeinado","molido-mezcla","molido-natural","capsulas","soluble-descafeinado","soluble-natural","capuchino-y-otros","cereales-solubles-y-achicoria"],"en-grano":{"categoryUrl":"/compra-online/productos/desayuno-dulces-y-pan/cafe/en-grano/c/WEB.004.035.00264","products":[{"title":"DIA café en grano paquete 500 gr","price":"3,29 €","pricePerUnit":"(6,58 €/Kg.)","imgUrl":"https://s2.dia.es/medias/h3d/h8d/8984058757150.jpg"},{"title":"DIA café natural en grano paquete 500 gr","price":"3,16 €","pricePerUnit":"(6,32 €/Kg.)","imgUrl":"https://s0.dia.es/medias/h4e/hda/8958671912990.png"}]},"molido-descafeinado":{"categoryUrl":"/compra-online/productos/desayuno-dulces-y-pan/cafe/molido-descafeinado/c/WEB.004.035.00265","products":[{"title":"BONKA descafeinado especial molido natural paquete 250 gr","price":"2,40 €","pricePerUnit":"(9,60 €/Kg.)","imgUrl":"https://s2.dia.es/medias/hd8/hed/9572774543390.jpg"},{"title":"DIA café molido mezcla descafeinado paquete 250 gr","price":"1,29 €","pricePerUnit":"(5,16 €/Kg.)","imgUrl":"https://s3.dia.es/medias/hbb/h54/8958637178910.png"},{"title":"DIA café molido natural descafeinado paquete 250 gr","price":"1,28 €","pricePerUnit":"(5,12 €/Kg.)","imgUrl":"https://s3.dia.es/medias/he8/h48/8821886124062.png"},{"title":"LA ESTRELLA cafe molido descafeinado mezcla paquete 250 gr","price":"2,15 €","pricePerUnit":"(8,60 €/Kg.)","imgUrl":"https://s1.dia.es/medias/h5d/h0e/9573161238558.jpg"},{"title":"MARCILLA café molido descafeinado mezcla paquete 200 gr","price":"2,55 €","pricePerUnit":"(12,75 €/Kg.)","imgUrl":"https://s3.dia.es/medias/hda/h82/9240122130462.jpg"},{"title":"MARCILLA café molido descafeinado natural gran aroma paquete 200 gr","price":"2,55 €","pricePerUnit":"(12,75 €/Kg.)","imgUrl":"https://s3.dia.es/medias/he5/hac/9038454980638.jpg"}]},"molido-mezcla":{"categoryUrl":"/compra-online/productos/desayuno-dulces-y-pan/cafe/molido-mezcla/c/WEB.004.035.00266","products":[{"title":"BONKA cafe mezcla molido especial paquete 250 gr","price":"2,40 €","pricePerUnit":"(9,60 €/Kg.)","imgUrl":"https://s3.dia.es/medias/h66/hc3/9545274490910.jpg"},{"title":"DIA café molido mezcla natural paquete 2 x 250 gr","price":"2,45 €","pricePerUnit":"(4,90 €/Kg.)","imgUrl":"https://s0.dia.es/medias/h28/hb8/9582209663006.jpg"},{"title":"LA ESTRELLA café molido mezcla intensa paquete 250 gr","price":"1,61 €","pricePerUnit":"(6,44 €/Kg.)","imgUrl":"https://s3.dia.es/medias/h55/he7/9572995760158.jpg"},{"title":"MARCILLA cafe creme express mezcla paquete 250 gr","price":"3,67 €","pricePerUnit":"(14,68 €/Kg.)","imgUrl":"https://s0.dia.es/medias/h57/ha9/9240216895518.jpg"},{"title":"MARCILLA cafe molido mezcla gran aroma paquete 250 gr","price":"2,55 €","pricePerUnit":"(10,20 €/Kg.)","imgUrl":"https://s1.dia.es/medias/he7/h24/9193162080286.jpg"},{"title":"SAIMAZA café molido mezcla paquete 250 gr","price":"2,00 €","pricePerUnit":"(8,00 €/Kg.)","imgUrl":"https://s3.dia.es/medias/h8e/hf7/9240254644254.jpg"}]},"molido-natural":{"categoryUrl":"/compra-online/productos/desayuno-dulces-y-pan/cafe/molido-natural/c/WEB.004.035.00267","products":[{"title":"BONKA cafe natural molido paquete 250 gr","price":"2,00 €","pricePerUnit":"(8,00 €/Kg.)","imgUrl":"https://s2.dia.es/medias/had/he5/9572771528734.jpg"},{"title":"BONKA café molido ecológico paquete 220 gr","price":"2,95 €","pricePerUnit":"(13,41 €/Kg.)","imgUrl":"https://s1.dia.es/medias/h75/hd4/9396996571166.jpg"},{"title":"BONKA café molido intenso puro colombia paquete 220 gr","price":"2,98 €","pricePerUnit":"(13,55 €/Kg.)","imgUrl":"https://s2.dia.es/medias/hcd/h55/9639336017950.jpg"},{"title":"DIA café molido natural paquete 2 x 250 gr","price":"2,03 €","pricePerUnit":"(4,06 €/Kg.)","imgUrl":"https://s2.dia.es/medias/hdf/h9d/9582208679966.jpg"},{"title":"DIA DELICIOUS café molido de colombia paquete 250 gr","price":"2,45 €","pricePerUnit":"(9,80 €/Kg.)","imgUrl":"https://s1.dia.es/medias/h52/h15/8958624006174.png"},{"title":"DIA DELICIOUS café molido kenia paquete 250 gr","price":"2,99 €","pricePerUnit":"(11,96 €/Kg.)","imgUrl":"https://s0.dia.es/medias/hd8/hf5/8977096835102.jpg"},{"title":"L'OR café molido classico paquete 250 gr","price":"3,49 €","pricePerUnit":"(13,96 €/Kg.)","imgUrl":"https://s3.dia.es/medias/h33/he5/9376101335070.jpg"},{"title":"LAVAZZA café molido crema e gusto paquete 250 gr","price":"2,29 €","pricePerUnit":"(9,16 €/Kg.)","imgUrl":"https://s0.dia.es/medias/h5b/h55/9671029981214.jpg"},{"title":"LAVAZZA Rossa café molido natural lata 250 gr","price":"1,50 €","pricePerUnit":"(6,00 €/Kg.)","imgUrl":"https://s2.dia.es/medias/hc6/he1/9671030636574.jpg"},{"title":"MARCILLA café molido extra fuerte gran aroma paquete 250 gr","price":"2,49 €","pricePerUnit":"(9,96 €/Kg.)","imgUrl":"https://s2.dia.es/medias/hc4/ha1/9240059936798.jpg"},{"title":"MARCILLA café molido natural gran aroma paquete 250 gr","price":"2,55 €","pricePerUnit":"(10,20 €/Kg.)","imgUrl":"https://s0.dia.es/medias/he7/h64/8992674414622.jpg"},{"title":"OXFAM café molido natural paquete 250 gr","price":"2,65 €","pricePerUnit":"(10,60 €/Kg.)","imgUrl":"https://s1.dia.es/medias/h38/h77/9498720206878.jpg"}]},"capsulas":{"categoryUrl":"/compra-online/productos/desayuno-dulces-y-pan/cafe/capsulas/c/WEB.004.035.00262","products":[{"title":"DIA café con leche 16 cápsulas caja 160 gr","price":"3,49 €","pricePerUnit":"(0,22 €/ud.)","imgUrl":"https://s2.dia.es/medias/h9f/h91/8969183199262.jpg"},{"title":"DIA café cortado 16 cápsulas caja 96 gr","price":"3,49 €","pricePerUnit":"(0,22 €/ud.)","imgUrl":"https://s0.dia.es/medias/hbc/h6e/8969176580126.jpg"},{"title":"DIA café descafeinado 16 cápsulas caja 112 gr","price":"3,49 €","pricePerUnit":"(0,22 €/ud.)","imgUrl":"https://s3.dia.es/medias/hc5/hcf/8977053384734.jpg"},{"title":"DIA café espresso caja 10 cápsulas","price":"1,87 €","pricePerUnit":"(0,19 €/ud.)","imgUrl":"https://s2.dia.es/medias/h59/h58/8977103224862.jpg"},{"title":"DIA café espresso descafeinado caja 10 cápsulas","price":"1,87 €","pricePerUnit":"(0,19 €/ud.)","imgUrl":"https://s2.dia.es/medias/h06/h0a/9142057664542.jpg"},{"title":"DIA café expresso asia 10 cápsulas caja 53 gr","price":"1,87 €","pricePerUnit":"(0,19 €/ud.)","imgUrl":"https://s3.dia.es/medias/hd5/h18/9142050783262.jpg"},{"title":"DIA café expresso descafeinado 10 cápsulas caja 53 gr","price":"1,87 €","pricePerUnit":"(0,19 €/ud.)","imgUrl":"https://s0.dia.es/medias/haf/h1a/9142060941342.jpg"},{"title":"DIA café expresso extra intenso 10 cápsulas caja 53 gr","price":"1,87 €","pricePerUnit":"(0,19 €/ud.)","imgUrl":"https://s0.dia.es/medias/h19/hf9/8958756847646.png"},{"title":"DIA café expresso fortissimo 10 cápsulas caja 53 gr","price":"1,87 €","pricePerUnit":"(0,19 €/ud.)","imgUrl":"https://s3.dia.es/medias/h24/h90/9142005891102.jpg"},{"title":"DIA café expresso intenso 10 cápsulas caja 53 gr","price":"1,87 €","pricePerUnit":"(0,19 €/ud.)","imgUrl":"https://s1.dia.es/medias/h1f/ha2/9276009349150.jpg"},{"title":"DIA café expresso intenso 30 cápsulas caja 156 gr","price":"4,99 €","pricePerUnit":"(0,17 €/ud.)","imgUrl":"https://s2.dia.es/medias/h98/h78/8977057972254.jpg"},{"title":"DIA café intenso 16 cápsulas caja 120 gr","price":"3,49 €","pricePerUnit":"(0,22 €/ud.)","imgUrl":"https://s3.dia.es/medias/h07/haa/8977101586462.jpg"},{"title":"DIA café lungo 16 cápsulas caja 112 gr","price":"3,49 €","pricePerUnit":"(0,22 €/ud.)","imgUrl":"https://s0.dia.es/medias/ha8/h96/8969135751198.jpg"},{"title":"DIA DELICIOUS café brasil 10 cápsulas caja 52 gr","price":"1,99 €","pricePerUnit":"(0,20 €/ud.)","imgUrl":"https://s2.dia.es/medias/hd7/hdd/9165512507422.jpg"},{"title":"DIA DELICIOUS café de colombia 10 cápsulas caja 52 gr","price":"2,70 €","pricePerUnit":"(0,27 €/ud.)","imgUrl":"https://s1.dia.es/medias/h28/h30/8993907114014.jpg"},{"title":"DOLCE GUSTO bonka 16 cápsulas caja 112 gr","price":"4,25 €","pricePerUnit":"(0,27 €/ud.)","imgUrl":"https://s3.dia.es/medias/h8f/h62/9675367940126.jpg"},{"title":"DOLCE GUSTO café con leche 16 cápsulas caja 160 gr","price":"4,25 €","pricePerUnit":"(0,27 €/ud.)","imgUrl":"https://s3.dia.es/medias/hcb/h47/9675368923166.jpg"},{"title":"DOLCE GUSTO café con leche 30 cápsulas caja 300 gr","price":"7,59 €","pricePerUnit":"(25,30 €/Kg.)","imgUrl":"https://s2.dia.es/medias/h7a/haa/9675369906206.jpg"},{"title":"DOLCE GUSTO café con leche descafeinado caja 16 cápsulas","price":"4,25 €","pricePerUnit":"(0,27 €/ud.)","imgUrl":"https://s3.dia.es/medias/h44/hd3/9646190657566.jpg"},{"title":"DOLCE GUSTO café con leche intenso 16 cápsulas caja 160 gr","price":"4,25 €","pricePerUnit":"(0,27 €/ud.)","imgUrl":"https://s0.dia.es/medias/hee/h91/9675369250846.jpg"},{"title":"DOLCE GUSTO cappuccino 16 cápsulas caja 200 gr","price":"4,25 €","pricePerUnit":"(0,27 €/ud.)","imgUrl":"https://s3.dia.es/medias/hb5/hb2/9675369578526.jpg"},{"title":"DOLCE GUSTO cappuccino 30 cápsulas caja 349 gr","price":"7,59 €","pricePerUnit":"(21,69 €/Kg.)","imgUrl":"https://s2.dia.es/medias/h19/h24/9676164694046.jpg"},{"title":"DOLCE GUSTO cortado espresso descafeinado 16 cápsulas caja 99 gr","price":"4,25 €","pricePerUnit":"(0,27 €/ud.)","imgUrl":"https://s0.dia.es/medias/hbe/h6d/9675366301726.jpg"},{"title":"DOLCE GUSTO cortado espresso macchiato 16 cápsulas caja 100 gr","price":"4,25 €","pricePerUnit":"(0,27 €/ud.)","imgUrl":"https://s2.dia.es/medias/h85/hf2/9675368267806.jpg"},{"title":"DOLCE GUSTO cortado espresso macchiato 30 cápsulas caja 189 gr","price":"7,59 €","pricePerUnit":"(40,16 €/Kg.)","imgUrl":"https://s0.dia.es/medias/hec/h86/9607264010270.jpg"},{"title":"DOLCE GUSTO espresso intenso 16 cápsulas caja 128 gr","price":"4,25 €","pricePerUnit":"(0,27 €/ud.)","imgUrl":"https://s1.dia.es/medias/hb3/h45/9675366957086.jpg"},{"title":"DOLCE GUSTO espresso intenso 30 cápsulas caja 240 gr","price":"7,59 €","pricePerUnit":"(31,63 €/Kg.)","imgUrl":"https://s1.dia.es/medias/ha7/h64/9675365974046.jpg"},{"title":"DOLCE GUSTO espresso intenso descafeinado 16 cápsulas caja 112 gr","price":"4,25 €","pricePerUnit":"(0,27 €/ud.)","imgUrl":"https://s2.dia.es/medias/hd6/h8f/9675367284766.jpg"},{"title":"DOLCE GUSTO grande intenso caja 16 cápsulas","price":"4,25 €","pricePerUnit":"(0,27 €/ud.)","imgUrl":"https://s0.dia.es/medias/hf9/h12/9675367612446.jpg"},{"title":"DOLCE GUSTO lungo 100 % arabica 16 cápsulas caja 100 gr","price":"4,25 €","pricePerUnit":"(0,27 €/ud.)","imgUrl":"https://s0.dia.es/medias/h9d/h4d/9675366629406.jpg"},{"title":"FORTALEZA café despertar intensidad 10 estuche 10 cápsulas","price":"3,19 €","pricePerUnit":"(0,32 €/ud.)","imgUrl":"https://s3.dia.es/medias/hc4/he0/9662435524638.jpg"},{"title":"L'OR café colombia caja 10 cápsulas","price":"3,29 €","pricePerUnit":"(0,33 €/ud.)","imgUrl":"https://s2.dia.es/medias/he1/h8a/9560765530142.jpg"},{"title":"L'OR café descafeinado ristretto caja 10 cápsulas","price":"3,29 €","pricePerUnit":"(0,33 €/ud.)","imgUrl":"https://s3.dia.es/medias/h1d/h80/9335787028510.jpg"},{"title":"L'OR café fortissimo caja 10 cápsulas","price":"3,29 €","pricePerUnit":"(0,33 €/ud.)","imgUrl":"https://s3.dia.es/medias/h94/h29/9335806361630.jpg"},{"title":"L'OR café onyx caja 10 cápsulas","price":"3,29 €","pricePerUnit":"(0,33 €/ud.)","imgUrl":"https://s0.dia.es/medias/h0b/h21/9335763632158.jpg"},{"title":"L'OR café sontuoso caja 10 cápsulas","price":"3,29 €","pricePerUnit":"(0,33 €/ud.)","imgUrl":"https://s1.dia.es/medias/he5/h07/9335793156126.jpg"},{"title":"L´OR café ristretto caja 10 cápsulas","price":"3,29 €","pricePerUnit":"(0,33 €/ud.)","imgUrl":"https://s1.dia.es/medias/hef/he4/9335806689310.jpg"},{"title":"MARCILLA café descafeinado 10 cápsulas caja 50 gr","price":"2,59 €","pricePerUnit":"(0,26 €/ud.)","imgUrl":"https://s3.dia.es/medias/h45/hca/9335814357022.jpg"},{"title":"MARCILLA café extra fuerte 10 cápsulas caja 50 gr","price":"2,59 €","pricePerUnit":"(0,26 €/ud.)","imgUrl":"https://s1.dia.es/medias/hf8/h00/9335791517726.jpg"},{"title":"MARCILLA café gran aroma fuerte estuche 28 uds 194 gr","price":"4,01 €","pricePerUnit":"(0,14 €/ud.)","imgUrl":"https://s3.dia.es/medias/h26/h8d/9240191336478.jpg"},{"title":"MARCILLA café gran aroma natural estuche 28 cápsulas","price":"3,35 €","pricePerUnit":"(0,12 €/ud.)","imgUrl":"https://s2.dia.es/medias/hbe/ha0/9240215912478.jpg"},{"title":"MARCILLA café intenso caja 10 cápsulas","price":"2,59 €","pricePerUnit":"(0,26 €/ud.)","imgUrl":"https://s2.dia.es/medias/h98/h7c/9335767564318.jpg"},{"title":"OXFAM café espresso descafeinado caja 10 cápsulas","price":"2,95 €","pricePerUnit":"(0,30 €/ud.)","imgUrl":"https://s3.dia.es/medias/h3c/hca/9498699497502.jpg"},{"title":"OXFAM café espresso intenso caja 10 cápsulas","price":"2,95 €","pricePerUnit":"(0,30 €/ud.)","imgUrl":"https://s1.dia.es/medias/h7f/h4c/9498731085854.jpg"},{"title":"TASSIMO café L'OR descafeinado estuche 16 cápsulas","price":"4,39 €","pricePerUnit":"(0,27 €/ud.)","imgUrl":"https://s2.dia.es/medias/ha7/h6e/9527139500062.jpg"},{"title":"TASSIMO café L'OR fortissimo estuche 16 cápsulas","price":"4,99 €","pricePerUnit":"(0,31 €/ud.)","imgUrl":"https://s2.dia.es/medias/h51/h29/9527140155422.jpg"},{"title":"TASSIMO café L'OR lungo estuche 16 cápsulas","price":"4,99 €","pricePerUnit":"(0,31 €/ud.)","imgUrl":"https://s2.dia.es/medias/h5d/h2c/9527140810782.jpg"},{"title":"TASSIMO café marcilla espresso estuche 16 cápsulas","price":"4,39 €","pricePerUnit":"(0,27 €/ud.)","imgUrl":"https://s1.dia.es/medias/he4/hb2/9286030131230.jpg"}]},"soluble-descafeinado":{"categoryUrl":"/compra-online/productos/desayuno-dulces-y-pan/cafe/soluble-descafeinado/c/WEB.004.035.00268","products":[{"title":"DIA café soluble descafeinado frasco 200 gr","price":"2,45 €","pricePerUnit":"(12,25 €/Kg.)","imgUrl":"https://s3.dia.es/medias/h6c/h6f/9141995208734.jpg"},{"title":"MARCILLA café soluble descafeinado frasco 200 gr","price":"5,25 €","pricePerUnit":"(26,25 €/Kg.)","imgUrl":"https://s1.dia.es/medias/h6c/hc6/9071760801822.jpg"},{"title":"NESCAFE  descafeinado sobres estuche 10x2 gr","price":"1,12 €","pricePerUnit":"(56,00 €/Kg.)","imgUrl":"https://s2.dia.es/medias/h18/h30/9667528982558.jpg"},{"title":"NESCAFE café soluble descafeinado frasco 100 gr","price":"3,87 €","pricePerUnit":"(38,70 €/Kg.)","imgUrl":"https://s3.dia.es/medias/h2c/h7b/9667594223646.jpg"},{"title":"NESCAFE café soluble descafeinado frasco 200 gr","price":"6,26 €","pricePerUnit":"(31,30 €/Kg.)","imgUrl":"https://s1.dia.es/medias/he9/h6e/9667586523166.jpg"}]},"soluble-natural":{"categoryUrl":"/compra-online/productos/desayuno-dulces-y-pan/cafe/soluble-natural/c/WEB.004.035.00269","products":[{"title":"DIA café soluble crema frasco 100 gr","price":"1,89 €","pricePerUnit":"(18,90 €/Kg.)","imgUrl":"https://s1.dia.es/medias/he5/h8c/8860931325982.png"},{"title":"DIA café soluble frasco 200 gr","price":"1,92 €","pricePerUnit":"(9,60 €/Kg.)","imgUrl":"https://s0.dia.es/medias/h08/h2c/9142062252062.jpg"},{"title":"NESCAFE café soluble 3 en 1 estuche 10 sobres 180 gr","price":"1,99 €","pricePerUnit":"(11,06 €/Kg.)","imgUrl":"https://s2.dia.es/medias/ha2/h19/9667591929886.jpg"},{"title":"NESCAFE café soluble natural frasco 100 gr","price":"3,41 €","pricePerUnit":"(34,10 €/Kg.)","imgUrl":"https://s3.dia.es/medias/h49/h11/9667544219678.jpg"},{"title":"NESCAFE café soluble natural frasco 200 gr","price":"5,75 €","pricePerUnit":"(28,75 €/Kg.)","imgUrl":"https://s2.dia.es/medias/h95/h96/9667587178526.jpg"}]},"capuchino-y-otros":{"categoryUrl":"/compra-online/productos/desayuno-dulces-y-pan/cafe/capuchino-y-otros/c/WEB.004.035.00263","products":[{"title":"DIA café cappuccino caja 10 sobres 125 gr","price":"1,32 €","pricePerUnit":"(10,56 €/Kg.)","imgUrl":"https://s3.dia.es/medias/h96/h01/8977048731678.jpg"},{"title":"NESCAFE cappuccino caja 10 sobres 140 gr","price":"3,31 €","pricePerUnit":"(23,64 €/Kg.)","imgUrl":"https://s1.dia.es/medias/h7b/h37/9572946346014.jpg"}]},"cereales-solubles-y-achicoria":{"categoryUrl":"/compra-online/productos/desayuno-dulces-y-pan/cafe/cereales-solubles-y-achicoria/c/WEB.004.035.00261","products":[{"title":"DIA cereales solubles bote 200 gr","price":"2,21 €","pricePerUnit":"(11,05 €/Kg.)","imgUrl":"https://s2.dia.es/medias/h61/h78/9382689865758.jpg"},{"title":"EKO mezcla de cereales con miel y jalea real bote 150 gr","price":"2,79 €","pricePerUnit":"(18,60 €/Kg.)","imgUrl":"https://s0.dia.es/medias/ha1/hc0/9573160583198.jpg"},{"title":"EKO mezcla de cereales ecológico frasco 150 gr","price":"2,40 €","pricePerUnit":"(16,00 €/Kg.)","imgUrl":"https://s3.dia.es/medias/h07/h0b/9572927275038.jpg"}]}},"cereales":{"name":"Cereales","productTypes":["barritas-cereales","cereales-familiar","cereales-linea-fibra-muesli","cereales-infantiles"],"barritas-cereales":{"categoryUrl":"/compra-online/productos/desayuno-dulces-y-pan/cereales/barritas-cereales/c/WEB.004.036.00270","products":[{"title":"BICENTURY Sarialis barritas de cereales chocolate negro caja 6 uds","price":"2,55 €","pricePerUnit":"(0,43 €/ud.)","imgUrl":"https://s1.dia.es/medias/hbf/h0f/9115251212318.jpg"},{"title":"BICENTURY Sarialis barritas de cereales chocolate negro SIN GLUTEN caja 6 uds","price":"2,55 €","pricePerUnit":"(0,43 €/ud.)","imgUrl":"https://s2.dia.es/medias/hdf/hf8/9015928750110.jpg"},{"title":"DIA barritas cereales chocolate y platano  caja 6 uds 150 gr","price":"1,25 €","pricePerUnit":"(8,33 €/Kg.)","imgUrl":"https://s2.dia.es/medias/hbe/hbb/9334486466590.jpg"},{"title":"DIA barritas cereales integral frutos rojos caja 6 uds 129 gr","price":"1,52 €","pricePerUnit":"(11,26 €/Kg.)","imgUrl":"https://s3.dia.es/medias/hd6/hc5/9300105822238.jpg"},{"title":"DIA barritas de cereales con manzana y albaricoque estuche 150 gr","price":"1,05 €","pricePerUnit":"(7,00 €/Kg.)","imgUrl":"https://s2.dia.es/medias/hbb/h60/9334499901470.jpg"},{"title":"DIA barritas de cereales muesli con avellana estuche 150 gr","price":"1,00 €","pricePerUnit":"(6,67 €/Kg.)","imgUrl":"https://s3.dia.es/medias/h39/hc6/9334539091998.jpg"},{"title":"DIA barritas de cereales muesli con chocolate estuche 150 gr","price":"1,08 €","pricePerUnit":"(7,20 €/Kg.)","imgUrl":"https://s0.dia.es/medias/h9c/hf4/9263092236318.jpg"},{"title":"DIA barritas de cereales sabor yogur y limón caja 210 gr","price":"4,13 €","pricePerUnit":"(21,51 €/Kg.)","imgUrl":"https://s2.dia.es/medias/h7e/h2f/9640390000670.jpg"},{"title":"DIA VITAL bizcocho de fruta y cereales estuche 240 gr","price":"1,82 €","pricePerUnit":"(7,58 €/Kg.)","imgUrl":"https://s0.dia.es/medias/h27/h6e/8984073797662.jpg"},{"title":"HERO barrita de cereales muesly chocolate con leche caja 150 gr","price":"1,75 €","pricePerUnit":"(11,67 €/Kg.)","imgUrl":"https://s1.dia.es/medias/h54/h73/9673729212446.jpg"},{"title":"HERO barrita de cereales muesly con chocolate negro caja 138 gr","price":"1,75 €","pricePerUnit":"(12,68 €/Kg.)","imgUrl":"https://s1.dia.es/medias/hd3/hf1/9673826402334.jpg"},{"title":"HERO barrita de cereales mueslylínea chocolate con leche caja 150 gr","price":"1,75 €","pricePerUnit":"(11,67 €/Kg.)","imgUrl":"https://s2.dia.es/medias/h21/h23/9022551261214.jpg"},{"title":"HERO barrita de cereales sport chocolate 35 gr","price":"0,99 €","pricePerUnit":"(28,29 €/Kg.)","imgUrl":"https://s0.dia.es/medias/hde/ha0/9664409960478.jpg"},{"title":"HERO Línea barritas de cereales con chocolate blanco caja 120 gr","price":"2,01 €","pricePerUnit":"(16,75 €/Kg.)","imgUrl":"https://s3.dia.es/medias/hea/h8f/8861373169694.png"},{"title":"KELLOGGS barrita de cereales all bran con chocolate estuche 240 gr","price":"2,45 €","pricePerUnit":"(10,21 €/Kg.)","imgUrl":"https://s1.dia.es/medias/he7/h2f/9680466083870.jpg"},{"title":"KELLOGGS barrita de cereales choco krispies estuche 120 gr","price":"2,15 €","pricePerUnit":"(17,92 €/Kg.)","imgUrl":"https://s2.dia.es/medias/hda/h1b/9169844109342.jpg"},{"title":"KELLOGGS barritas de bizcochitos de cereales con fruta y fibra estuche 240 g","price":"2,49 €","pricePerUnit":"(10,38 €/Kg.)","imgUrl":"https://s1.dia.es/medias/h99/hf6/9680297426974.jpg"},{"title":"LOADING barritas energéticas con almendras y plátano paquete 3 x 20 gr","price":"1,25 €","pricePerUnit":"(20,83 €/Kg.)","imgUrl":"https://s0.dia.es/medias/h0b/h40/9358002356254.jpg"},{"title":"NESTLE barrita de cereales fitness chocolate pack-6 estuche 141 gr","price":"2,32 €","pricePerUnit":"(12,34 €/Kg.)","imgUrl":"https://s2.dia.es/medias/he4/he8/9578490265630.jpg"},{"title":"NESTLE barrita de cereales fitness delice con chocolate blanco caja 6 uds","price":"2,09 €","pricePerUnit":"(15,48 €/Kg.)","imgUrl":"https://s1.dia.es/medias/hf0/ha0/9680306503710.jpg"},{"title":"NESTLE barritas de cereales nesquik estuche 150 gr","price":"2,19 €","pricePerUnit":"(14,60 €/Kg.)","imgUrl":"https://s0.dia.es/medias/h4d/he3/9578448519198.jpg"}]},"cereales-familiar":{"categoryUrl":"/compra-online/productos/desayuno-dulces-y-pan/cereales/cereales-familiar/c/WEB.004.036.00271","products":[{"title":"DIA cereales corn flakes copos de maiz tostado paquete 500 gr","price":"1,15 €","pricePerUnit":"(2,30 €/Kg.)","imgUrl":"https://s1.dia.es/medias/h14/h3a/8823127310366.png"},{"title":"ECO CESTA copos de maíz tostado de cultivo ecológico bolsa 400 gr","price":"2,89 €","pricePerUnit":"(7,23 €/Kg.)","imgUrl":"https://s3.dia.es/medias/h4f/h45/9664422477854.jpg"},{"title":"KELLOGGS cereales corn flakes caja 500 gr","price":"2,29 €","pricePerUnit":"(4,58 €/Kg.)","imgUrl":"https://s1.dia.es/medias/he4/h47/9680330522654.jpg"},{"title":"KELLOGGS cereales extra original avena caja 375 gr","price":"2,79 €","pricePerUnit":"(7,44 €/Kg.)","imgUrl":"https://s2.dia.es/medias/h7a/h61/9680307486750.jpg"},{"title":"NESTLE cereales corn flakes chocolate SIN GLUTEN caja 375 gr","price":"2,98 €","pricePerUnit":"(7,95 €/Kg.)","imgUrl":"https://s0.dia.es/medias/h88/he0/9641222602782.jpg"},{"title":"NESTLE cereales corn flakes SIN GLUTEN caja 375 gr","price":"2,40 €","pricePerUnit":"(6,40 €/Kg.)","imgUrl":"https://s2.dia.es/medias/hc5/hcb/9641306652702.jpg"},{"title":"PROCELI cereales chocolate bites SIN GLUTEN caja 225 gr","price":"3,75 €","pricePerUnit":"(16,67 €/Kg.)","imgUrl":"https://s2.dia.es/medias/h8e/hba/9357341917214.jpg"}]},"cereales-linea-fibra-muesli":{"categoryUrl":"/compra-online/productos/desayuno-dulces-y-pan/cereales/cereales-linea-fibra-muesli/c/WEB.004.036.00272","products":[{"title":"CASINO BIO cereales muesli caja 500 gr","price":"2,49 €","pricePerUnit":"(4,98 €/Kg.)","imgUrl":"https://s1.dia.es/medias/hed/h28/9327528706078.jpg"},{"title":"DIA cereales copos de arroz y trigo integral con frutos rojos paquete 300gr","price":"1,50 €","pricePerUnit":"(5,00 €/Kg.)","imgUrl":"https://s1.dia.es/medias/h13/hbf/9524459438110.jpg"},{"title":"DIA cereales copos de arroz y trigo integral cubiertos de chocolate 300gr","price":"1,43 €","pricePerUnit":"(4,77 €/Kg.)","imgUrl":"https://s0.dia.es/medias/h42/ha5/8822031089694.png"},{"title":"DIA cereales de chocolate special paquete 300 gr","price":"1,33 €","pricePerUnit":"(4,43 €/Kg.)","imgUrl":"https://s1.dia.es/medias/h61/hd8/9524463271966.jpg"},{"title":"DIA cereales en copos de arroz y trigo integral 500 gr","price":"1,59 €","pricePerUnit":"(3,18 €/Kg.)","imgUrl":"https://s3.dia.es/medias/h18/h45/9524455833630.jpg"},{"title":"DIA cereales muesli con chocolate paquete 500 gr","price":"1,67 €","pricePerUnit":"(3,34 €/Kg.)","imgUrl":"https://s2.dia.es/medias/h24/h30/8823644815390.png"},{"title":"DIA cereales muesli crujiente con frutas paquete 500 gr","price":"1,67 €","pricePerUnit":"(3,34 €/Kg.)","imgUrl":"https://s0.dia.es/medias/h21/h30/8822236610590.png"},{"title":"DIA VITAL cereales fibra flakes caja 375 gr","price":"2,37 €","pricePerUnit":"(6,32 €/Kg.)","imgUrl":"https://s0.dia.es/medias/h8e/h52/9052452356126.jpg"},{"title":"DIA VITAL cereales fruta y fibra paquete 500 gr","price":"1,66 €","pricePerUnit":"(3,32 €/Kg.)","imgUrl":"https://s0.dia.es/medias/h36/h08/9052451045406.jpg"},{"title":"DIA VITAL cereales muesli con frutas bolsa 1 Kg","price":"1,59 €","pricePerUnit":"(1,59 €/Kg.)","imgUrl":"https://s1.dia.es/medias/h70/h47/9004955369502.jpg"},{"title":"DIA VITAL copos de avena paquete 500 gr","price":"0,89 €","pricePerUnit":"(1,78 €/Kg.)","imgUrl":"https://s2.dia.es/medias/h43/h08/8974034862110.jpg"},{"title":"ECOCESTA copos suaves de avena integral bio bolsa 500 gr","price":"2,40 €","pricePerUnit":"(4,80 €/Kg.)","imgUrl":"https://s2.dia.es/medias/hbe/heb/9664609583134.jpg"},{"title":"ECOCESTA harina de avena integral bio paquete 500 gr","price":"2,25 €","pricePerUnit":"(4,50 €/Kg.)","imgUrl":"https://s2.dia.es/medias/h53/h3c/9664459112478.jpg"},{"title":"KELLOGGS cereales extra chocolate caja 375 gr","price":"2,99 €","pricePerUnit":"(7,97 €/Kg.)","imgUrl":"https://s3.dia.es/medias/hd0/hb9/9680297754654.jpg"},{"title":"KELLOGGS cereales special k caja 500 gr","price":"2,99 €","pricePerUnit":"(5,98 €/Kg.)","imgUrl":"https://s2.dia.es/medias/h2e/h56/9680298082334.jpg"},{"title":"KELLOGGS cereales special k chocolate con leche caja 375 gr","price":"2,59 €","pricePerUnit":"(6,91 €/Kg.)","imgUrl":"https://s3.dia.es/medias/h85/h32/9680306012190.jpg"},{"title":"KELLOGGS cereales special k con chocolate negro caja 375 gr","price":"2,59 €","pricePerUnit":"(6,91 €/Kg.)","imgUrl":"https://s0.dia.es/medias/h0b/h5f/9680296443934.jpg"},{"title":"KELLOGGS cereales special k con frutas rojas caja 300 gr","price":"2,99 €","pricePerUnit":"(9,97 €/Kg.)","imgUrl":"https://s3.dia.es/medias/hdb/h00/9680296116254.jpg"},{"title":"KELLOGGS cereales wk granola albaricoque y semillas sin azúcar caja 300 gr","price":"2,99 €","pricePerUnit":"(9,97 €/Kg.)","imgUrl":"https://s3.dia.es/medias/h0d/hf8/9326282735646.jpg"},{"title":"KELLOGGS cereales wk granola con espelta y arándanos rojos caja 300 gr","price":"2,99 €","pricePerUnit":"(9,97 €/Kg.)","imgUrl":"https://s1.dia.es/medias/h03/hef/9680334159902.jpg"},{"title":"KELLOGGS cereales wk granola con semillas de calabaza y chía caja 300 gr","price":"2,99 €","pricePerUnit":"(9,97 €/Kg.)","imgUrl":"https://s1.dia.es/medias/hc3/h63/9680336289822.jpg"},{"title":"KELLOGGS cereales wk granola frutos secos sin azúcar caja 300 gr","price":"2,99 €","pricePerUnit":"(9,97 €/Kg.)","imgUrl":"https://s2.dia.es/medias/h00/hfc/9326290927646.jpg"},{"title":"KELLOGGS cereales wk integrales choco bio caja 300 gr","price":"2,99 €","pricePerUnit":"(9,97 €/Kg.)","imgUrl":"https://s2.dia.es/medias/h49/h44/9680334815262.jpg"},{"title":"NESTLE cereales fitness caja 450 gr","price":"2,59 €","pricePerUnit":"(5,76 €/Kg.)","imgUrl":"https://s3.dia.es/medias/h91/h9b/9641225879582.jpg"},{"title":"NESTLE cereales fitness chocolate negro paquete 375 gr","price":"2,70 €","pricePerUnit":"(7,20 €/Kg.)","imgUrl":"https://s3.dia.es/medias/h9f/hda/9637807685662.jpg"},{"title":"NESTLE cereales fitness chocolate paquete 375 gr","price":"2,50 €","pricePerUnit":"(6,67 €/Kg.)","imgUrl":"https://s1.dia.es/medias/h87/h8b/9578220847134.jpg"},{"title":"NESTLE cereales fitness delice rellenos de chocolate caja 350 gr","price":"3,44 €","pricePerUnit":"(9,83 €/Kg.)","imgUrl":"https://s3.dia.es/medias/hcc/h40/9641224568862.jpg"},{"title":"NESTLE cereales fitness granola de avena y chocolate paquete 300 gr","price":"3,61 €","pricePerUnit":"(12,03 €/Kg.)","imgUrl":"https://s0.dia.es/medias/he8/h8d/9683273416734.jpg"},{"title":"NESTLE cereales fitness granola de avena y miel paquete 300 gr","price":"3,61 €","pricePerUnit":"(12,03 €/Kg.)","imgUrl":"https://s0.dia.es/medias/h35/hf8/9683272695838.jpg"},{"title":"OATIBIX cereales de avena suave bolsa 500 gr","price":"1,39 €","pricePerUnit":"(2,78 €/Kg.)","imgUrl":"https://s3.dia.es/medias/h0a/hd3/9607224295454.jpg"},{"title":"WEETABIX mini cereales con chocolate paquete 450 gr","price":"2,79 €","pricePerUnit":"(6,20 €/Kg.)","imgUrl":"https://s0.dia.es/medias/h21/hf1/9677963853854.jpg"},{"title":"WEETABIX original bloques de cereales de trigo entero paquete 430 gr","price":"2,75 €","pricePerUnit":"(6,40 €/Kg.)","imgUrl":"https://s2.dia.es/medias/hcb/hf7/9622843228190.jpg"}]},"cereales-infantiles":{"categoryUrl":"/compra-online/productos/desayuno-dulces-y-pan/cereales/cereales-infantiles/c/WEB.004.036.00273","products":[{"title":"CHOCAPIC cereales chococrush caja 410 gr","price":"3,09 €","pricePerUnit":"(7,54 €/Kg.)","imgUrl":"https://s0.dia.es/medias/hcf/hb4/9578747854878.jpg"},{"title":"DIA cereales chockoy choc paquete 500 gr","price":"1,45 €","pricePerUnit":"(2,90 €/Kg.)","imgUrl":"https://s0.dia.es/medias/hac/hde/8823266246686.png"},{"title":"DIA cereales cuadrados con miel paquete 500 gr","price":"1,49 €","pricePerUnit":"(2,98 €/Kg.)","imgUrl":"https://s1.dia.es/medias/h93/h72/8823170826270.png"},{"title":"DIA cereales de arroz inflado paquete 500 gr","price":"1,39 €","pricePerUnit":"(2,78 €/Kg.)","imgUrl":"https://s3.dia.es/medias/hfc/h13/8822381838366.png"},{"title":"DIA cereales de copos de maiz con azúcar paquete 500 gr","price":"1,25 €","pricePerUnit":"(2,50 €/Kg.)","imgUrl":"https://s3.dia.es/medias/h4c/hc6/8822226649118.png"},{"title":"DIA cereales de trigo inflado con miel paquete 500 gr","price":"1,35 €","pricePerUnit":"(2,70 €/Kg.)","imgUrl":"https://s2.dia.es/medias/h8c/h7c/8993922318366.jpg"},{"title":"DIA cereales en bolas de maiz con chocolate paquete 500 gr","price":"1,28 €","pricePerUnit":"(2,56 €/Kg.)","imgUrl":"https://s2.dia.es/medias/hc5/h0b/8825452691486.png"},{"title":"DIA cereales en bolas de maiz con miel paquete 500 gr","price":"1,38 €","pricePerUnit":"(2,76 €/Kg.)","imgUrl":"https://s0.dia.es/medias/h19/hf5/9004938854430.jpg"},{"title":"DIA cereales pétalos de chocolate y chocolate blanco caja 375 gr","price":"1,72 €","pricePerUnit":"(4,59 €/Kg.)","imgUrl":"https://s0.dia.es/medias/h33/h10/8823682564126.png"},{"title":"DIA cereales rellenos de chocolate caja 500 gr","price":"1,81 €","pricePerUnit":"(3,62 €/Kg.)","imgUrl":"https://s3.dia.es/medias/h58/h47/8977102569502.jpg"},{"title":"DIA cereales rellenos de chocolate y avellana caja 500 gr","price":"1,59 €","pricePerUnit":"(3,18 €/Kg.)","imgUrl":"https://s1.dia.es/medias/h6f/h40/8901034278942.png"},{"title":"DIA cereales rellenos de leche paquete 500 gr","price":"1,95 €","pricePerUnit":"(3,90 €/Kg.)","imgUrl":"https://s0.dia.es/medias/h1f/h38/9016720949278.jpg"},{"title":"KELLOGGS cereales choco krave caja 375 gr","price":"3,56 €","pricePerUnit":"(9,49 €/Kg.)","imgUrl":"https://s2.dia.es/medias/hb5/hf6/9680324624414.jpg"},{"title":"KELLOGGS cereales choco krispies caja 450 gr","price":"2,69 €","pricePerUnit":"(5,98 €/Kg.)","imgUrl":"https://s3.dia.es/medias/h0e/hc3/9680468049950.jpg"},{"title":"KELLOGGS cereales chocos caja 500 gr","price":"3,10 €","pricePerUnit":"(6,89 €/Kg.)","imgUrl":"https://s3.dia.es/medias/h4d/hb7/9583752511518.jpg"},{"title":"KELLOGGS cereales frosties caja 450 gr","price":"2,99 €","pricePerUnit":"(6,64 €/Kg.)"},{"title":"KELLOGGS cereales smacks caja 450 gr","price":"2,99 €","pricePerUnit":"(6,64 €/Kg.)","imgUrl":"https://s1.dia.es/medias/h39/he6/9234078040094.jpg"},{"title":"KELLOGGS cereales unicorn froot loops caja 375 gr","price":"3,09 €","pricePerUnit":"(8,24 €/Kg.)","imgUrl":"https://s3.dia.es/medias/hac/hcd/9680465100830.jpg"},{"title":"NESQUIK cereales alphabet caja 325 gr","price":"2,59 €","pricePerUnit":"(7,97 €/Kg.)","imgUrl":"https://s0.dia.es/medias/h1a/h47/9641317138462.jpg"},{"title":"NESTLE cereales chocapic granola de avena y chocolate caja 500 gr","price":"3,74 €","pricePerUnit":"(11,69 €/Kg.)","imgUrl":"https://s1.dia.es/medias/h80/h00/9641210413086.jpg"},{"title":"NESTLE cereales chocapic paquete 500 gr","price":"2,45 €","pricePerUnit":"(4,90 €/Kg.)","imgUrl":"https://s1.dia.es/medias/h89/h12/9573085413406.jpg"},{"title":"NESTLE cereales lion caramelo y chocolate caja 400 gr","price":"2,59 €\n\t\t\t\t\t\t\t2,20 €","pricePerUnit":"(6,48 €/Kg.)\n\t\t\t\t\t\t\t (5,50 €/Kg.)","imgUrl":"https://s0.dia.es/medias/h51/h43/9578419290142.jpg"},{"title":"NESTLE cereales lion wild caja 410 gr","price":"3,20 €","pricePerUnit":"(7,80 €/Kg.)","imgUrl":"https://s2.dia.es/medias/h75/ha2/9326293221406.jpg"},{"title":"NESTLE cereales nesquik paquete 375 gr","price":"2,50 €","pricePerUnit":"(6,67 €/Kg.)","imgUrl":"https://s0.dia.es/medias/ha4/h5b/9641210085406.jpg"}]}},"chocolates-y-bombones":{"name":"Chocolatesybombones","productTypes":["tabletas","a-la-taza","bombones","chocolatinas","grajeas-y-huevos-chocolate"],"tabletas":{"categoryUrl":"/compra-online/productos/desayuno-dulces-y-pan/chocolates-y-bombones/tabletas/c/WEB.004.037.00277","products":[{"title":"CADBURY chocolate dairy milk tableta 200 gr","price":"2,99 €","pricePerUnit":"(14,95 €/Kg.)","imgUrl":"https://s0.dia.es/medias/h30/hf7/9553929601054.jpg"},{"title":"CASINO BIO chocolate con leche tableta 100 gr","price":"1,19 €","pricePerUnit":"(11,90 €/Kg.)","imgUrl":"https://s3.dia.es/medias/hd6/hde/9327529689118.jpg"},{"title":"CASINO BIO chocolate con leche y avellanas tableta 100 gr","price":"1,20 €","pricePerUnit":"(12,00 €/Kg.)","imgUrl":"https://s3.dia.es/medias/h2e/h2d/9327506259998.jpg"},{"title":"CASINO BIO chocolate negro 74% cacao tableta 100 gr","price":"1,19 €","pricePerUnit":"(11,90 €/Kg.)","imgUrl":"https://s3.dia.es/medias/hf1/h92/9327497183262.jpg"},{"title":"CASINO BIO chocolate negro con almendras tableta 100 gr","price":"1,55 €","pricePerUnit":"(15,50 €/Kg.)","imgUrl":"https://s3.dia.es/medias/h05/h86/9327503474718.jpg"},{"title":"CASINO BIO chocolate negro con avellanas tableta 200 gr","price":"3,50 €","pricePerUnit":"(17,50 €/Kg.)","imgUrl":"https://s0.dia.es/medias/h8e/hd2/9327523954718.jpg"},{"title":"CASINO BIO chocolate negro postres tableta 200 gr","price":"1,99 €","pricePerUnit":"(9,95 €/Kg.)","imgUrl":"https://s0.dia.es/medias/h5b/h0b/9327483027486.jpg"},{"title":"DIA chocolate blanco tableta 2 x 100 gr","price":"1,18 €","pricePerUnit":"(5,90 €/Kg.)","imgUrl":"https://s0.dia.es/medias/h18/hae/9334570024990.jpg"},{"title":"DIA chocolate con leche tableta 2 x 150 gr","price":"1,17 €","pricePerUnit":"(3,90 €/Kg.)","imgUrl":"https://s3.dia.es/medias/h39/h27/9497426133022.jpg"},{"title":"DIA chocolate con leche y almendras partidas tableta 150 gr","price":"0,89 €","pricePerUnit":"(5,93 €/Kg.)","imgUrl":"https://s1.dia.es/medias/hea/h80/9248225722398.jpg"},{"title":"DIA chocolate con leche y avellanas partidas tableta 150 gr","price":"0,89 €","pricePerUnit":"(5,93 €/Kg.)","imgUrl":"https://s2.dia.es/medias/h02/h23/9497429573662.jpg"},{"title":"DIA chocolate fondant tableta 100 gr","price":"0,52 €","pricePerUnit":"(5,20 €/Kg.)","imgUrl":"https://s1.dia.es/medias/h26/h77/9248215236638.jpg"},{"title":"DIA chocolate gran fondant tableta 200 gr","price":"1,10 €","pricePerUnit":"(5,50 €/Kg.)","imgUrl":"https://s3.dia.es/medias/h7a/h7d/9236534001694.jpg"},{"title":"DIA chocolate negro 55% con almendras tableta 200 gr","price":"1,42 €","pricePerUnit":"(7,10 €/Kg.)","imgUrl":"https://s0.dia.es/medias/hc7/h91/9248262225950.jpg"},{"title":"DIA chocolate negro 55% con avellanas tableta 200 gr","price":"1,65 €","pricePerUnit":"(8,25 €/Kg.)","imgUrl":"https://s0.dia.es/medias/hc3/h40/9248240467998.jpg"},{"title":"DIA DELICIOUS chocolate negro 74% tableta 100 gr","price":"0,95 €","pricePerUnit":"(9,50 €/Kg.)","imgUrl":"https://s1.dia.es/medias/h87/h13/9236528693278.jpg"},{"title":"DIA DELICIOUS chocolate negro 85% tableta 100 gr","price":"1,25 €","pricePerUnit":"(12,50 €/Kg.)","imgUrl":"https://s1.dia.es/medias/h95/h77/9236539637790.jpg"},{"title":"DIA DELICIOUS chocolate negro con frutos rojos tableta 120 gr","price":"1,79 €","pricePerUnit":"(14,92 €/Kg.)","imgUrl":"https://s0.dia.es/medias/h35/hd6/8861440475166.png"},{"title":"DIA DELICIOUS chocolate negro con naranja confitada tableta 100 gr","price":"1,40 €","pricePerUnit":"(14,00 €/Kg.)","imgUrl":"https://s2.dia.es/medias/heb/h08/9520196780062.jpg"},{"title":"DIA VITAL chocolate con leche sin azúcar tableta 100 gr","price":"1,04 €","pricePerUnit":"(10,40 €/Kg.)","imgUrl":"https://s3.dia.es/medias/hd4/h93/8822016802846.png"},{"title":"DIA VITAL chocolate con leche sin lactosa tableta 100 gr","price":"1,08 €","pricePerUnit":"(10,80 €/Kg.)","imgUrl":"https://s3.dia.es/medias/h2f/hae/9004942721054.jpg"},{"title":"DIA VITAL chocolate negro sin azúcares tableta 100 gr","price":"0,99 €","pricePerUnit":"(9,90 €/Kg.)","imgUrl":"https://s1.dia.es/medias/hbc/h88/9502659411998.jpg"},{"title":"DIA chocolate con leche y almendras enteras tableta 200 gr","price":"1,42 €","pricePerUnit":"(7,10 €/Kg.)","imgUrl":"https://s0.dia.es/medias/h96/h6e/9248208617502.jpg"},{"title":"LACASA chocolate con lacasitos tableta 100 gr","price":"1,15 €","pricePerUnit":"(11,50 €/Kg.)","imgUrl":"https://s3.dia.es/medias/h09/he4/9680364109854.jpg"},{"title":"LACASA chocolate con leche y trufa tableta 150 gr","price":"1,99 €","pricePerUnit":"(13,27 €/Kg.)","imgUrl":"https://s1.dia.es/medias/hd3/hcb/9680300113950.jpg"},{"title":"LACASA chocolate negro 70 % cacao tableta 150 gr","price":"1,99 €","pricePerUnit":"(13,27 €/Kg.)","imgUrl":"https://s1.dia.es/medias/ha1/h4c/9680298410014.jpg"},{"title":"LINDT chocolate negro sin azúcares añadidos tableta 100 gr","price":"2,99 €","pricePerUnit":"(29,90 €/Kg.)","imgUrl":"https://s3.dia.es/medias/h71/hfc/9681405673502.jpg"},{"title":"LINDT Creation chocolate negro 70% cacao con naranja tableta 150 gr","price":"2,99 €","pricePerUnit":"(19,93 €/Kg.)","imgUrl":"https://s0.dia.es/medias/h38/h47/9681390698526.jpg"},{"title":"LINDT Creation chocolate negro 70% cacao con relleno de mousse tableta 150 gr","price":"2,99 €","pricePerUnit":"(19,93 €/Kg.)","imgUrl":"https://s3.dia.es/medias/h54/h36/9681343315998.jpg"},{"title":"LINDT Excellence chocolate 70% cacao tableta 100 gr","price":"2,63 €","pricePerUnit":"(26,30 €/Kg.)","imgUrl":"https://s3.dia.es/medias/h74/heb/9681397743646.jpg"},{"title":"LINDT Excellence chocolate 85% cacao tableta 100 gr","price":"2,75 €","pricePerUnit":"(27,50 €/Kg.)","imgUrl":"https://s1.dia.es/medias/h86/hc2/9681398136862.jpg"},{"title":"LINDT Excellence chocolate 90% cocoa tableta 100 gr","price":"2,49 €","pricePerUnit":"(24,90 €/Kg.)","imgUrl":"https://s0.dia.es/medias/h18/h68/9681394794526.jpg"},{"title":"LINDT Excellence chocolate negro 99% cacao tableta 50 gr","price":"2,79 €","pricePerUnit":"(55,80 €/Kg.)","imgUrl":"https://s1.dia.es/medias/hc3/h4e/9681395122206.jpg"},{"title":"LINDT Excellence chocolate negro con naranja tableta 100 gr","price":"2,63 €","pricePerUnit":"(26,30 €/Kg.)","imgUrl":"https://s0.dia.es/medias/hd4/ha6/9681397088286.jpg"},{"title":"LINDT Excellence chocolate negro suave con limón tableta 100 gr","price":"2,25 €","pricePerUnit":"(22,50 €/Kg.)","imgUrl":"https://s1.dia.es/medias/hd0/hb4/9681393319966.jpg"},{"title":"LINDT Excellence chocolate negro suave con sésamo tableta 100 gr","price":"2,39 €","pricePerUnit":"(23,90 €/Kg.)","imgUrl":"https://s3.dia.es/medias/h51/h8b/9681332699166.jpg"},{"title":"LINDT Excellence chocolate negro suave con un toque de sal tableta 100 gr","price":"2,39 €","pricePerUnit":"(23,90 €/Kg.)","imgUrl":"https://s1.dia.es/medias/h30/h6a/9681396760606.jpg"},{"title":"LINDT Lindor chocolate con leche tableta 100 gr","price":"2,17 €","pricePerUnit":"(21,70 €/Kg.)","imgUrl":"https://s3.dia.es/medias/h54/h16/9681401413662.jpg"},{"title":"LINDT Lindor chocolate negro 60% tableta 100 gr","price":"2,17 €","pricePerUnit":"(21,70 €/Kg.)","imgUrl":"https://s3.dia.es/medias/he9/h65/9681401741342.jpg"},{"title":"MILKA chocolate barquillo choco - swing tableta 300 gr","price":"2,65 €","pricePerUnit":"(8,83 €/Kg.)","imgUrl":"https://s2.dia.es/medias/h56/ha7/9593089851422.jpg"},{"title":"MILKA chocolate con galleta choco-swing tableta 300 gr","price":"3,16 €","pricePerUnit":"(10,53 €/Kg.)","imgUrl":"https://s1.dia.es/medias/hb0/h21/9593094111262.jpg"},{"title":"MILKA chocolate con leche + chips ahoy tableta 100 gr","price":"0,95 €","pricePerUnit":"(9,50 €/Kg.)","imgUrl":"https://s0.dia.es/medias/h20/h66/9573936365598.jpg"},{"title":"MILKA chocolate con leche tableta 125 gr","price":"1,14 €","pricePerUnit":"(9,12 €/Kg.)","imgUrl":"https://s3.dia.es/medias/ha8/h8d/9568338149406.jpg"},{"title":"MILKA chocolate con leche tableta 270 gr","price":"2,29 €","pricePerUnit":"(8,48 €/Kg.)","imgUrl":"https://s0.dia.es/medias/h5a/hce/9570854338590.jpg"},{"title":"MILKA chocolate con leche y avellanas tableta 100 gr","price":"0,95 €","pricePerUnit":"(9,50 €/Kg.)","imgUrl":"https://s2.dia.es/medias/h01/h99/9483696570398.jpg"},{"title":"MILKA chocolate con oreo tableta 100 gr","price":"1,02 €","pricePerUnit":"(10,20 €/Kg.)","imgUrl":"https://s3.dia.es/medias/h8f/hf7/9576979103774.jpg"},{"title":"MILKA chocolate peanut caramel tableta 276 gr","price":"2,99 €","pricePerUnit":"(10,83 €/Kg.)","imgUrl":"https://s0.dia.es/medias/hbb/hae/9513124331550.jpg"},{"title":"MILKA chocolate relleno caramelo y avellanas tableta 300 gr","price":"3,16 €","pricePerUnit":"(10,53 €/Kg.)","imgUrl":"https://s2.dia.es/medias/hc2/h9b/9593096405022.jpg"},{"title":"MILKA chocolate triolade tableta 300 gr","price":"2,52 €","pricePerUnit":"(9,00 €/Kg.)","imgUrl":"https://s1.dia.es/medias/h2a/hba/9568395886622.jpg"},{"title":"MILKA LU chocolate con galleta sandwich tableta 87 gr","price":"0,95 €","pricePerUnit":"(10,92 €/Kg.)","imgUrl":"https://s1.dia.es/medias/ha2/hc0/9556160610334.jpg"},{"title":"MILKYBAR chocolate blanco tableta 100 gr","price":"1,10 €","pricePerUnit":"(11,00 €/Kg.)","imgUrl":"https://s0.dia.es/medias/h4d/hfa/9603879796766.jpg"},{"title":"NESQUIK chocolate con leche tableta 100 gr","price":"1,17 €","pricePerUnit":"(11,70 €/Kg.)","imgUrl":"https://s3.dia.es/medias/h8c/hff/9578677436446.jpg"},{"title":"NESTLE chocolate blanco postres tableta 180 gr","price":"2,29 €","pricePerUnit":"(12,72 €/Kg.)","imgUrl":"https://s1.dia.es/medias/hce/haa/9578570350622.jpg"},{"title":"NESTLE chocolate blond tableta 120 gr","price":"1,13 €","pricePerUnit":"(9,42 €/Kg.)","imgUrl":"https://s3.dia.es/medias/h74/h35/9564215967774.jpg"},{"title":"NESTLE chocolate con almendras tableta 123 gr","price":"1,59 €","pricePerUnit":"(12,93 €/Kg.)","imgUrl":"https://s1.dia.es/medias/h35/h25/9578223468574.jpg"},{"title":"NESTLE chocolate con leche extrafino tableta 125 gr","price":"0,92 €","pricePerUnit":"(7,36 €/Kg.)","imgUrl":"https://s0.dia.es/medias/h90/hcf/9578222485534.jpg"},{"title":"NESTLE chocolate con leche extrafino tableta 300 gr","price":"1,95 €","pricePerUnit":"(6,50 €/Kg.)","imgUrl":"https://s1.dia.es/medias/hbc/hca/9572771856414.jpg"},{"title":"NESTLE chocolate con leche extrafino tableta pack 3 x 125 gr","price":"2,49 €","pricePerUnit":"(6,64 €/Kg.)","imgUrl":"https://s2.dia.es/medias/hbc/h7b/9578458349598.jpg"},{"title":"NESTLE chocolate con leche para postres tableta 170 gr","price":"1,77 €","pricePerUnit":"(10,41 €/Kg.)","imgUrl":"https://s1.dia.es/medias/h2b/h1a/9578581884958.jpg"},{"title":"NESTLE chocolate con leche relleno de la lechera oiginal tableta 120 gr","price":"1,46 €","pricePerUnit":"(12,17 €/Kg.)","imgUrl":"https://s1.dia.es/medias/hd0/h5a/9578294050846.jpg"},{"title":"NESTLE chocolate con leche y avellanas tableta 123 gr","price":"1,59 €","pricePerUnit":"(12,93 €/Kg.)","imgUrl":"https://s2.dia.es/medias/hc6/h0b/9578188046366.jpg"},{"title":"NESTLE chocolate crunch tableta 100 gr","price":"1,32 €","pricePerUnit":"(13,20 €/Kg.)","imgUrl":"https://s0.dia.es/medias/hc9/h3b/9578599972894.jpg"},{"title":"NESTLE chocolate extrafino dulce de leche tableta 120 gr","price":"1,46 €","pricePerUnit":"(12,17 €/Kg.)","imgUrl":"https://s0.dia.es/medias/h91/h20/9646230634526.jpg"},{"title":"NESTLE chocolate negro 70% extrafino tableta 120 gr","price":"1,65 €","pricePerUnit":"(13,75 €/Kg.)","imgUrl":"https://s1.dia.es/medias/h5e/h26/9578251976734.jpg"},{"title":"NESTLE chocolate negro crunch tableta 100 gr","price":"1,15 €","pricePerUnit":"(11,50 €/Kg.)","imgUrl":"https://s1.dia.es/medias/had/h67/9578593746974.jpg"},{"title":"NESTLE chocolate negro postres tableta 250 gr","price":"2,04 €","pricePerUnit":"(8,16 €/Kg.)","imgUrl":"https://s0.dia.es/medias/h7c/h48/9572947001374.jpg"},{"title":"NESTLE chocolate relleno cheescake fresa tableta 240 gr","price":"2,29 €","pricePerUnit":"(9,54 €/Kg.)"},{"title":"NESTLE chocolate tres chocolates tableta 120 gr","price":"1,46 €","pricePerUnit":"(12,17 €/Kg.)","imgUrl":"https://s1.dia.es/medias/h6a/h32/9578168975390.jpg"},{"title":"NESTLE Dolca chocolate con leche tableta 100 gr","price":"0,69 €","pricePerUnit":"(6,90 €/Kg.)","imgUrl":"https://s3.dia.es/medias/h67/hbb/9578293067806.jpg"},{"title":"NESTLE Dolca chocolate negro tableta 100 gr","price":"0,69 €","pricePerUnit":"(6,90 €/Kg.)","imgUrl":"https://s3.dia.es/medias/ha4/h34/9578399105054.jpg"},{"title":"OXFAM  chocolate negro 70% naranja bio tableta 100 gr","price":"2,39 €","pricePerUnit":"(23,90 €/Kg.)","imgUrl":"https://s0.dia.es/medias/hf2/ha4/9498715619358.jpg"},{"title":"OXFAM chocolate negro 70% cacao bio tableta 100 gr","price":"2,39 €","pricePerUnit":"(23,90 €/Kg.)","imgUrl":"https://s2.dia.es/medias/h4f/hef/9498731413534.jpg"},{"title":"OXFAM chocolate negro 70% pepitas de cacao bio tableta 100 gr","price":"2,39 €","pricePerUnit":"(23,90 €/Kg.)","imgUrl":"https://s0.dia.es/medias/hb2/h6b/9498709000222.jpg"},{"title":"OXFAM chocolate negro 85% cacao bio tableta 100 gr","price":"2,49 €","pricePerUnit":"(24,90 €/Kg.)","imgUrl":"https://s0.dia.es/medias/ha2/h96/9498730758174.jpg"},{"title":"SUCHARD chocolate negro 70% cacao bio tableta 90 gr","price":"1,99 €","pricePerUnit":"(22,11 €/Kg.)","imgUrl":"https://s2.dia.es/medias/h7b/h7e/9680501800990.jpg"},{"title":"SUCHARD chocolate negro 85% cacao bio tableta 90 gr","price":"1,99 €","pricePerUnit":"(22,11 €/Kg.)","imgUrl":"https://s0.dia.es/medias/h16/hef/9579607949342.jpg"},{"title":"SUCHARD Roc chocolate negro con almendras enteras y avellanas tableta 180 gr","price":"2,95 €","pricePerUnit":"(16,39 €/Kg.)","imgUrl":"https://s1.dia.es/medias/h52/h94/9579606638622.jpg"},{"title":"SUCHARD Roc chocolate negro con almendras enteras y naranja tableta 180 gr","price":"2,95 €","pricePerUnit":"(16,39 €/Kg.)","imgUrl":"https://s1.dia.es/medias/h7b/hd3/9579603361822.jpg"},{"title":"VALOR chocolate a la taza tableta 300 g","price":"2,15 €","pricePerUnit":"(7,17 €/Kg.)","imgUrl":"https://s2.dia.es/medias/h41/ha7/9683330301982.jpg"},{"title":"VALOR chocolate con leche tableta 300 gr","price":"2,55 €","pricePerUnit":"(8,50 €/Kg.)","imgUrl":"https://s0.dia.es/medias/h57/h36/9683269353502.jpg"},{"title":"VALOR chocolate con leche y almendra tableta 250 gr","price":"3,44 €","pricePerUnit":"(13,76 €/Kg.)","imgUrl":"https://s1.dia.es/medias/he0/hea/9683332923422.jpg"},{"title":"VALOR chocolate con leche y almendras s/az tableta 150 gr","price":"2,86 €","pricePerUnit":"(19,07 €/Kg.)","imgUrl":"https://s3.dia.es/medias/hdd/h64/9683334627358.jpg"},{"title":"VALOR chocolate con leche y avellanas tableta 250 gr","price":"2,69 €","pricePerUnit":"(10,76 €/Kg.)","imgUrl":"https://s3.dia.es/medias/ha2/h75/9683269746718.jpg"},{"title":"VALOR chocolate negro 70%  con almendras tableta 250 gr","price":"3,79 €","pricePerUnit":"(15,16 €/Kg.)","imgUrl":"https://s3.dia.es/medias/h77/hb2/9683270729758.jpg"},{"title":"VALOR chocolate negro 70% cacao s/azucar tableta 125 gr","price":"2,29 €","pricePerUnit":"(18,32 €/Kg.)","imgUrl":"https://s2.dia.es/medias/h93/h3c/9683325714462.jpg"},{"title":"VALOR chocolate negro 70% con pepitas de chocolate tableta 170 gr","price":"2,25 €","pricePerUnit":"(13,24 €/Kg.)","imgUrl":"https://s1.dia.es/medias/h4a/h62/9683333578782.jpg"},{"title":"VALOR chocolate negro 70% mousse de naranja tableta 150 gr","price":"1,89 €","pricePerUnit":"(12,60 €/Kg.)","imgUrl":"https://s1.dia.es/medias/hbe/h18/9683327680542.jpg"},{"title":"VALOR chocolate negro 70% tableta 200 gr","price":"2,37 €","pricePerUnit":"(11,85 €/Kg.)","imgUrl":"https://s2.dia.es/medias/hf8/hec/9683330957342.jpg"},{"title":"VALOR chocolate negro con naranja tableta 200 gr","price":"2,49 €","pricePerUnit":"(12,45 €/Kg.)","imgUrl":"https://s1.dia.es/medias/h54/h68/9683327352862.jpg"},{"title":"VALOR chocolate negro intenso 82% tableta 170 gr","price":"2,25 €","pricePerUnit":"(13,24 €/Kg.)","imgUrl":"https://s0.dia.es/medias/h4f/h6a/9683335282718.jpg"},{"title":"VALOR chocolate puro almendras s/azucar tableta 150 gr","price":"2,86 €","pricePerUnit":"(19,07 €/Kg.)","imgUrl":"https://s3.dia.es/medias/h57/h2c/9683268370462.jpg"},{"title":"VALOR chocolate puro con almendras tableta 250 gr","price":"2,95 €","pricePerUnit":"(11,80 €/Kg.)","imgUrl":"https://s2.dia.es/medias/hf2/h3d/9683334299678.jpg"},{"title":"VALOR chocolate puro tableta 300 gr","price":"2,49 €","pricePerUnit":"(8,30 €/Kg.)","imgUrl":"https://s0.dia.es/medias/h7d/hb1/9683333251102.jpg"}]},"a-la-taza":{"categoryUrl":"/compra-online/productos/desayuno-dulces-y-pan/chocolates-y-bombones/a-la-taza/c/WEB.004.037.00274","products":[{"title":"LACASA chocolate a la taza tableta 300 gr","price":"2,40 €","pricePerUnit":"(8,00 €/Kg.)","imgUrl":"https://s3.dia.es/medias/hf2/h2c/9680370335774.jpg"},{"title":"RAM chocolate a la taza envase 1 lt","price":"1,77 €","pricePerUnit":"(1,77 €/l.)","imgUrl":"https://s3.dia.es/medias/h44/h19/9585764630558.jpg"},{"title":"VALOR chocolate a la taza envase 1 lt","price":"2,69 €","pricePerUnit":"(2,69 €/l.)","imgUrl":"https://s1.dia.es/medias/hd9/h13/9683270074398.jpg"},{"title":"VALOR chocolate a la taza tableta 300 g","price":"2,15 €","pricePerUnit":"(7,17 €/Kg.)","imgUrl":"https://s2.dia.es/medias/h41/ha7/9683330301982.jpg"}]},"bombones":{"categoryUrl":"/compra-online/productos/desayuno-dulces-y-pan/chocolates-y-bombones/bombones/c/WEB.004.037.00275","products":[{"title":"LACASA trufas al cacao puro estuche 200 gr","price":"2,29 €","pricePerUnit":"(11,45 €/Kg.)","imgUrl":"https://s2.dia.es/medias/h59/hdb/9540285530142.jpg"},{"title":"LINDT bombones surtidos dulces deseos caja 345 gr","price":"7,49 €","pricePerUnit":"(21,71 €/Kg.)","imgUrl":"https://s2.dia.es/medias/h70/h93/9681352884254.jpg"},{"title":"LINDT Lindor bombones de chocolate con leche caja 200 gr","price":"2,99 €","pricePerUnit":"(14,95 €/Kg.)","imgUrl":"https://s2.dia.es/medias/h8d/hc7/9681350852638.jpg"},{"title":"LINDT Lindor bombones de chocolate negro caja 200 gr","price":"2,99 €","pricePerUnit":"(14,95 €/Kg.)","imgUrl":"https://s0.dia.es/medias/h60/ha0/9502603739166.jpg"},{"title":"LINDT Sensation chocolate negro con frambuesa y arándano rojo bolsa 150 gr","price":"3,99 €","pricePerUnit":"(26,60 €/Kg.)","imgUrl":"https://s2.dia.es/medias/hf7/h9d/9681395449886.jpg"},{"title":"MILKA bombones pralinés caja 187 gr","price":"5,90 €","pricePerUnit":"(35,76 €/Kg.)","imgUrl":"https://s0.dia.es/medias/h8a/h91/9249145552926.jpg"},{"title":"NESTLE Caja roja bombones caja 200 gr","price":"5,72 €","pricePerUnit":"(28,60 €/Kg.)","imgUrl":"https://s3.dia.es/medias/h38/h72/9579064557598.jpg"},{"title":"NESTLE Caja roja bombones estuche 100 gr","price":"3,30 €","pricePerUnit":"(33,00 €/Kg.)","imgUrl":"https://s0.dia.es/medias/h4a/h83/9578234609694.jpg"},{"title":"NESTLE Caja roja bombones lata 250 gr","price":"7,89 €","pricePerUnit":"(31,56 €/Kg.)","imgUrl":"https://s0.dia.es/medias/hbe/h44/9578748510238.jpg"}]},"chocolatinas":{"categoryUrl":"/compra-online/productos/desayuno-dulces-y-pan/chocolates-y-bombones/chocolatinas/c/WEB.004.037.00276","products":[{"title":"BAHLSEN snack pick up choco 84 gr","price":"1,10 €","pricePerUnit":"(13,10 €/Kg.)","imgUrl":"https://s1.dia.es/medias/h58/h71/9640442757150.jpg"},{"title":"DIA mini barquillo chocolate blanco bolsa 200 gr","price":"1,55 €","pricePerUnit":"(7,75 €/Kg.)","imgUrl":"https://s2.dia.es/medias/he2/h59/8984118558750.jpg"},{"title":"DIA mini barquillos rellenos de leche y avellana caja 200 gr","price":"1,55 €","pricePerUnit":"(12,92 €/Kg.)","imgUrl":"https://s3.dia.es/medias/h9f/h0a/9118215012382.jpg"},{"title":"DIA mini barrita chocolate cacahuete bolsa 250 gr","price":"2,65 €","pricePerUnit":"(10,60 €/Kg.)","imgUrl":"https://s1.dia.es/medias/hee/h0a/8823005085726.png"},{"title":"DIA mini wafer choco avellana bolsa 200 gr","price":"1,41 €","pricePerUnit":"(7,05 €/Kg.)","imgUrl":"https://s0.dia.es/medias/h55/hb6/8894387060766.png"},{"title":"DR. SCHAR barritas de chocolate SIN GLUTEN paquete 105 gr","price":"3,18 €","pricePerUnit":"(30,29 €/Kg.)","imgUrl":"https://s0.dia.es/medias/h8a/ha6/9552040132638.jpg"},{"title":"HUESITOS barrita choco blanco p10 200 gr","price":"1,75 €","pricePerUnit":"(8,75 €/Kg.)","imgUrl":"https://s0.dia.es/medias/h58/h97/9683324403742.jpg"},{"title":"HUESITOS barrita chocolate negro pack 4 uds 80 gr","price":"1,25 €","pricePerUnit":"(15,63 €/Kg.)","imgUrl":"https://s3.dia.es/medias/h24/h0a/9683327025182.jpg"},{"title":"HUESITOS barrita chocolate p4 64 gr","price":"1,20 €","pricePerUnit":"(18,75 €/Kg.)","imgUrl":"https://s3.dia.es/medias/hb6/hb1/9683318767646.jpg"},{"title":"HUESITOS barrita chocolate pack 10 uds","price":"2,04 €","pricePerUnit":"(10,20 €/Kg.)","imgUrl":"https://s2.dia.es/medias/h05/h15/9683316146206.jpg"},{"title":"KINDER Happy hippo snack 5 unidades caja 104 gr","price":"2,25 €","pricePerUnit":"(21,63 €/Kg.)","imgUrl":"https://s0.dia.es/medias/hd6/h37/9496762941470.jpg"},{"title":"KIT KAT chocolatina 45 gr","price":"1,14 €","pricePerUnit":"(27,14 €/Kg.)","imgUrl":"https://s2.dia.es/medias/h39/h52/9578400153630.jpg"},{"title":"KIT KAT chocolatina chocolate blanco 41,5 gr","price":"1,03 €","pricePerUnit":"(24,52 €/Kg.)","imgUrl":"https://s2.dia.es/medias/h27/hce/9642226581534.jpg"},{"title":"KIT KAT chocolatina chocolate negro 70% pack 3 unidades 41,5 gr","price":"2,39 €","pricePerUnit":"(19,12 €/Kg.)","imgUrl":"https://s2.dia.es/medias/hc2/h52/9637766332446.jpg"},{"title":"KIT KAT chocolatina mini bolsa 200 gr","price":"1,99 €","pricePerUnit":"(9,95 €/Kg.)","imgUrl":"https://s2.dia.es/medias/h24/h59/9578668261406.jpg"},{"title":"KIT KAT chocolatina pack 5 unidades 45 gr","price":"2,25 €","pricePerUnit":"(10,82 €/Kg.)","imgUrl":"https://s3.dia.es/medias/h4f/he5/9578450157598.jpg"},{"title":"KNOPPERS chocolatina p5 125 gr","price":"1,62 €","pricePerUnit":"(12,96 €/Kg.)","imgUrl":"https://s2.dia.es/medias/hde/hd3/9415504527390.jpg"},{"title":"LACASITOS paraguas de chocolate 55 gr","price":"2,15 €","pricePerUnit":"(39,09 €/Kg.)","imgUrl":"https://s0.dia.es/medias/hd4/h72/9680317710366.jpg"},{"title":"MALTESERS bolitas de chocolate rellenas de leche malteada bolsa 175 gr","price":"2,99 €","pricePerUnit":"(17,09 €/Kg.)","imgUrl":"https://s2.dia.es/medias/hcb/he6/9102834106398.jpg"},{"title":"MARS chocolatina snack p4 180 gr","price":"2,15 €","pricePerUnit":"(11,94 €/Kg.)","imgUrl":"https://s3.dia.es/medias/hcb/hfc/9549379698718.jpg"},{"title":"MARS mini chocolatinas bolsa 130 gr","price":"2,03 €","pricePerUnit":"(15,62 €/Kg.)","imgUrl":"https://s0.dia.es/medias/ha6/hda/9544605663262.jpg"},{"title":"MILKA chocolatina caramelo y avellanas enteras 45 gr","price":"1,19 €","pricePerUnit":"(26,44 €/Kg.)","imgUrl":"https://s1.dia.es/medias/h6f/hc3/9551221129246.jpg"},{"title":"MILKA cholatina con galleta oreo zack 41 gr","price":"0,99 €","pricePerUnit":"(24,15 €/Kg.)","imgUrl":"https://s3.dia.es/medias/h96/h28/9578507304990.jpg"},{"title":"NESTLE Meriendas chocolate con leche extrafino caja 180 gr","price":"2,75 €","pricePerUnit":"(15,28 €/Kg.)","imgUrl":"https://s3.dia.es/medias/hd5/h42/9578182311966.jpg"},{"title":"NUTELLA B-ready caja 6 uds","price":"1,99 €","pricePerUnit":"(15,08 €/Kg.)","imgUrl":"https://s1.dia.es/medias/h6b/h0f/9656223170590.jpg"},{"title":"PROCELI wafer chocolate SIN GLUTEN caja 130 gr","price":"3,69 €","pricePerUnit":"(28,38 €/Kg.)","imgUrl":"https://s2.dia.es/medias/hd1/h82/9506038775838.jpg"},{"title":"SNICKERS barritas rellenas de caramelo con cacahuetes paquete 2 uds 80 gr","price":"1,09 €","pricePerUnit":"(13,63 €/Kg.)","imgUrl":"https://s1.dia.es/medias/h23/h27/9500848357406.jpg"},{"title":"SNICKERS barritas rellenas de caramelo con cacahuetes paquete 4 uds","price":"2,58 €","pricePerUnit":"(12,90 €/Kg.)","imgUrl":"https://s2.dia.es/medias/h17/h80/9621154922526.jpg"},{"title":"SNICKERS Mini barritas rellenas de caramelo con cacahuetes bolsa 144 gr","price":"2,03 €","pricePerUnit":"(14,10 €/Kg.)","imgUrl":"https://s1.dia.es/medias/h50/h18/9544607629342.jpg"},{"title":"TOBLERONE chocolate con leche 50 gr","price":"0,99 €","pricePerUnit":"(19,80 €/Kg.)","imgUrl":"https://s0.dia.es/medias/h6e/ha9/9593087885342.jpg"},{"title":"TOBLERONE chocolate con leche pack 3 unidades 50 gr","price":"1,85 €","pricePerUnit":"(12,33 €/Kg.)","imgUrl":"https://s3.dia.es/medias/hf0/hd6/9577562767390.jpg"},{"title":"TWIX barritas rellenas de caramelo con chocolate con leche 200 gr","price":"2,58 €","pricePerUnit":"(12,90 €/Kg.)","imgUrl":"https://s1.dia.es/medias/hcf/h13/9549267501086.jpg"},{"title":"TWIX barritas rellenas de caramelo con chocolate con leche 75 gr","price":"1,09 €","pricePerUnit":"(14,53 €/Kg.)","imgUrl":"https://s1.dia.es/medias/hae/hd4/9549268811806.jpg"},{"title":"TWIX Mini barritas rellenas de caramelo con chocolate con leche bolsa 130 gr","price":"2,03 €","pricePerUnit":"(15,62 €/Kg.)","imgUrl":"https://s0.dia.es/medias/h11/h50/9544584298526.jpg"}]},"grajeas-y-huevos-chocolate":{"categoryUrl":"/compra-online/productos/desayuno-dulces-y-pan/chocolates-y-bombones/grajeas-y-huevos-chocolate/c/WEB.004.037.00278","products":[{"title":"DIA cacahuetes recubiertos de chocolate bolsa 250 gr","price":"1,75 €","pricePerUnit":"(7,00 €/Kg.)","imgUrl":"https://s0.dia.es/medias/h54/h82/8984065769502.jpg"},{"title":"DIA huevos sorpresa chocolate pack 3 caja 60 gr","price":"1,47 €","pricePerUnit":"(24,50 €/Kg.)","imgUrl":"https://s3.dia.es/medias/h6f/h68/9388727042078.jpg"},{"title":"KINDER Joy huevo sorpresa chocolate 21 gr","price":"1,35 €","pricePerUnit":"(67,50 €/Kg.)","imgUrl":"https://s3.dia.es/medias/h59/h72/9496628822046.jpg"},{"title":"KINDER Joy huevo sorpresa chocolate 3X60 GR","price":"3,25 €","pricePerUnit":"(18,06 €/Kg.)","imgUrl":"https://s3.dia.es/medias/h02/h70/9656222187550.jpg"},{"title":"LACASA conguitos chocolate con leche y cacahuetes bolsa 220 gr","price":"2,39 €","pricePerUnit":"(10,86 €/Kg.)","imgUrl":"https://s3.dia.es/medias/hd2/hae/9680355360798.jpg"},{"title":"LACASA conguitos chocolate y cacahuetes bolsa 220 gr","price":"2,39 €","pricePerUnit":"(10,86 €/Kg.)","imgUrl":"https://s0.dia.es/medias/hd9/h3f/9680351756318.jpg"},{"title":"LACASITOS bolsa 190 gr","price":"2,39 €","pricePerUnit":"(12,58 €/Kg.)","imgUrl":"https://s2.dia.es/medias/hc4/h31/9680363454494.jpg"},{"title":"LACASITOS chocolate blanco bolsa 150 gr","price":"2,39 €","pricePerUnit":"(15,93 €/Kg.)","imgUrl":"https://s1.dia.es/medias/hb8/h59/9680354050078.jpg"},{"title":"LACASITOS chocolate tubo pack 4 uds 80 gr","price":"2,15 €","pricePerUnit":"(26,88 €/Kg.)","imgUrl":"https://s0.dia.es/medias/h15/he4/9680358801438.jpg"},{"title":"LACASITOS la patrulla canina 20 gr","price":"1,99 €","pricePerUnit":"(99,50 €/Kg.)","imgUrl":"https://s1.dia.es/medias/hcc/h83/9565904502814.jpg"},{"title":"M&M's cacahuete bolsa 220 gr","price":"2,55 €","pricePerUnit":"(11,59 €/Kg.)","imgUrl":"https://s1.dia.es/medias/hc5/h0e/9549250134046.jpg"},{"title":"M&M's cacahuete bolsa 400 gr","price":"3,99 €","pricePerUnit":"(9,98 €/Kg.)","imgUrl":"https://s0.dia.es/medias/hc4/hf8/9322219831326.jpg"}]}},"caramelos-y-chicles":{"name":"Caramelosychicles","productTypes":["caramelos-blandos-y-golosinas","caramelos-duros","chicles"],"caramelos-blandos-y-golosinas":{"categoryUrl":"/compra-online/productos/desayuno-dulces-y-pan/caramelos-y-chicles/caramelos-blandos-y-golosinas/c/WEB.004.038.00279","products":[{"title":"DAMEL golosinas mix sin azúcar bolsa 100 gr","price":"1,00 €","pricePerUnit":"(10,00 €/Kg.)","imgUrl":"https://s0.dia.es/medias/h37/h2f/9357355024414.jpg"},{"title":"DIA caramelos crujientes sabor menta bolsa 132 gr","price":"1,49 €","pricePerUnit":"(11,29 €/Kg.)","imgUrl":"https://s1.dia.es/medias/ha4/h87/8855838490654.png"},{"title":"DIA caramelos crujientes sabor naranja, fresa y limón bolsa 132 gr","price":"1,49 €","pricePerUnit":"(11,29 €/Kg.)","imgUrl":"https://s3.dia.es/medias/h30/h18/8855953834014.png"},{"title":"DIA caramelos masticables 5 sabores bolsa 475 gr","price":"1,99 €","pricePerUnit":"(4,19 €/Kg.)","imgUrl":"https://s1.dia.es/medias/hce/haa/8823757537310.png"},{"title":"DIA DELICIOUS golosinas de fruta delicias bolsa 150 gr","price":"1,55 €","pricePerUnit":"(6,20 €/Kg.)","imgUrl":"https://s1.dia.es/medias/hc5/h58/8993869037598.jpg"},{"title":"DIA golosinas azúcar tarrina 200 gr","price":"1,99 €","pricePerUnit":"(9,95 €/Kg.)","imgUrl":"https://s2.dia.es/medias/h76/hd4/8828553265182.png"},{"title":"DIA golosinas cintas pica tarrina 300 gr","price":"1,05 €","pricePerUnit":"(3,50 €/Kg.)","imgUrl":"https://s3.dia.es/medias/h97/h7a/8993962229790.jpg"},{"title":"DIA golosinas cola azucarada bolsa 250 gr","price":"1,05 €","pricePerUnit":"(4,20 €/Kg.)","imgUrl":"https://s0.dia.es/medias/hbc/hca/8823931600926.png"},{"title":"DIA golosinas fresa brillo bolsa 250 gr","price":"1,29 €","pricePerUnit":"(5,16 €/Kg.)","imgUrl":"https://s0.dia.es/medias/h8a/hdc/8823634853918.png"},{"title":"DIA golosinas lagrimas bolsa 250 gr","price":"1,05 €","pricePerUnit":"(4,20 €/Kg.)","imgUrl":"https://s0.dia.es/medias/h04/heb/8823978262558.png"},{"title":"DIA golosinas mora bolsa 250 gr","price":"1,31 €","pricePerUnit":"(5,24 €/Kg.)","imgUrl":"https://s2.dia.es/medias/h5e/he3/8828545400862.png"},{"title":"DIA golosinas ositos azucarados bolsa 250 gr","price":"1,49 €","pricePerUnit":"(5,96 €/Kg.)","imgUrl":"https://s2.dia.es/medias/h00/h6f/8823895949342.png"},{"title":"DIA golosinas pica mix bolsa 200 gr","price":"1,00 €","pricePerUnit":"(5,00 €/Kg.)","imgUrl":"https://s0.dia.es/medias/h2c/h23/8993966161950.jpg"},{"title":"DIA golosinas surtidas bolsa 250 gr","price":"1,25 €","pricePerUnit":"(5,00 €/Kg.)","imgUrl":"https://s0.dia.es/medias/hfc/hb8/8828542255134.png"},{"title":"DIA nubes bolsa 200 gr","price":"0,99 €","pricePerUnit":"(4,95 €/Kg.)","imgUrl":"https://s3.dia.es/medias/hd8/hac/8822333603870.png"},{"title":"DIA regaliz relleno picapica bolsa 225 gr","price":"1,51 €","pricePerUnit":"(6,71 €/Kg.)","imgUrl":"https://s3.dia.es/medias/h11/h49/8823718739998.png"},{"title":"DIA regaliz rueda rojo bolsa 250 gr","price":"1,51 €","pricePerUnit":"(6,04 €/Kg.)","imgUrl":"https://s0.dia.es/medias/h6f/h7c/8823714545694.png"},{"title":"DIA torcidas regaliz negro bolsa 225 gr","price":"1,55 €","pricePerUnit":"(6,89 €/Kg.)","imgUrl":"https://s2.dia.es/medias/h22/h02/8901009375262.png"},{"title":"DIA torcidas regaliz rojo bolsa 225 gr","price":"1,18 €","pricePerUnit":"(5,24 €/Kg.)","imgUrl":"https://s0.dia.es/medias/h38/h38/8901030019102.png"},{"title":"DIA tronquitos bolsa 225 gr","price":"1,65 €","pricePerUnit":"(7,33 €/Kg.)","imgUrl":"https://s3.dia.es/medias/h7e/he0/8825609453598.png"},{"title":"DULCIORA golosinas gummy jelly bolsa 125 gr","price":"1,05 €","pricePerUnit":"(8,40 €/Kg.)","imgUrl":"https://s2.dia.es/medias/hdc/h0d/9680345530398.jpg"},{"title":"FINI bolsa de golosinas happy party 250 gr","price":"2,40 €","pricePerUnit":"(9,60 €/Kg.)","imgUrl":"https://s0.dia.es/medias/hd2/h9e/8818298650654.png"},{"title":"FINI golosinas beans bolsa 180 gr","price":"1,45 €","pricePerUnit":"(8,06 €/Kg.)","imgUrl":"https://s0.dia.es/medias/hef/h46/8962621177886.jpg"},{"title":"FINI golosinas cinema mix bolsa 180 gr","price":"1,55 €","pricePerUnit":"(8,61 €/Kg.)","imgUrl":"https://s1.dia.es/medias/h4a/h22/9115203829790.jpg"},{"title":"FINI golosinas fresa con nata bolsa 75 gr","price":"0,89 €","pricePerUnit":"(11,87 €/Kg.)","imgUrl":"https://s2.dia.es/medias/h87/h2d/8962627207198.jpg"},{"title":"FINI golosinas jolly jamboree bolsa 180 gr","price":"1,29 €","pricePerUnit":"(7,17 €/Kg.)","imgUrl":"https://s0.dia.es/medias/h05/h21/8962625896478.jpg"},{"title":"FINI golosinas mini fresas bolsa 180 gr","price":"1,45 €","pricePerUnit":"(8,06 €/Kg.)","imgUrl":"https://s1.dia.es/medias/h6e/h89/8962565865502.jpg"},{"title":"FINI golosinas selection mix bolsa 150 gr","price":"1,45 €","pricePerUnit":"(9,67 €/Kg.)","imgUrl":"https://s0.dia.es/medias/h51/h14/8958497587230.png"},{"title":"FINI golosinas sugar shuffle mix bolsa 180 gr","price":"1,45 €","pricePerUnit":"(8,06 €/Kg.)","imgUrl":"https://s0.dia.es/medias/h06/h6b/8882576097310.png"},{"title":"FINI golosinas surtidas tarrina 500 gr","price":"2,99 €","pricePerUnit":"(5,98 €/Kg.)","imgUrl":"https://s3.dia.es/medias/h64/h35/8835072458782.png"},{"title":"FINI golosinas torcidas fresa bolsa 170 gr","price":"1,04 €","pricePerUnit":"(6,12 €/Kg.)","imgUrl":"https://s1.dia.es/medias/hed/h2b/8962578448414.jpg"},{"title":"FINI gominolas mix moras bolsa 180 gr","price":"1,45 €","pricePerUnit":"(8,06 €/Kg.)","imgUrl":"https://s2.dia.es/medias/h01/hb9/8882491949086.png"},{"title":"FINI nubes finitronc bolsa 80 gr","price":"0,89 €","pricePerUnit":"(11,13 €/Kg.)","imgUrl":"https://s1.dia.es/medias/h8a/ha8/9055495880734.jpg"},{"title":"FINI regaliz rojo relleno tarrina 320 gr","price":"2,60 €","pricePerUnit":"(8,13 €/Kg.)","imgUrl":"https://s0.dia.es/medias/he2/ha6/8890377764894.png"},{"title":"HARIBO golosina mega-roulette 45 gr","price":"0,79 €","pricePerUnit":"(17,56 €/Kg.)","imgUrl":"https://s3.dia.es/medias/h63/h14/9650217943070.jpg"},{"title":"HARIBO golosinas classic bolsa 270 gr","price":"1,59 €","pricePerUnit":"(5,30 €/Kg.)","imgUrl":"https://s0.dia.es/medias/hf1/h81/9248292634654.jpg"},{"title":"HARIBO golosinas favoritos bolsa 75 gr","price":"0,79 €","pricePerUnit":"(10,53 €/Kg.)","imgUrl":"https://s3.dia.es/medias/hdf/h64/8962614820894.jpg"},{"title":"HARIBO golosinas favoritos party bolsa 240 gr","price":"1,99 €","pricePerUnit":"(8,29 €/Kg.)","imgUrl":"https://s0.dia.es/medias/h52/h24/9388768493598.jpg"},{"title":"HARIBO golosinas frutissima bolsa 300 gr","price":"1,59 €","pricePerUnit":"(5,30 €/Kg.)","imgUrl":"https://s1.dia.es/medias/h6c/h52/9650386796574.jpg"},{"title":"HARIBO golosinas funky mix bolsa 75 gr","price":"0,79 €","pricePerUnit":"(10,53 €/Kg.)","imgUrl":"https://s0.dia.es/medias/h4c/ha6/9650380898334.jpg"},{"title":"HARIBO golosinas happy time mix bolsa 270 gr","price":"1,59 €","pricePerUnit":"(5,89 €/Kg.)","imgUrl":"https://s1.dia.es/medias/h7a/h4f/9650371395614.jpg"},{"title":"HARIBO golosinas mallow stixx bolsa 175 gr","price":"1,20 €","pricePerUnit":"(6,86 €/Kg.)","imgUrl":"https://s3.dia.es/medias/hba/h73/9650246778910.jpg"},{"title":"HARIBO golosinas ositos de oro bolsa 300 gr","price":"1,75 €","pricePerUnit":"(5,83 €/Kg.)","imgUrl":"https://s3.dia.es/medias/hcc/haf/9650406457374.jpg"},{"title":"HARIBO golosinas ositos de oro recubiertos de azúcar bolsa 300 gr","price":"1,59 €","pricePerUnit":"(5,30 €/Kg.)","imgUrl":"https://s3.dia.es/medias/h94/h72/9592240341022.jpg"},{"title":"HARIBO golosinas pica sour bolsa 300 gr","price":"1,59 €","pricePerUnit":"(5,30 €/Kg.)","imgUrl":"https://s0.dia.es/medias/h66/h90/9650391056414.jpg"},{"title":"HARIBO golosinas red mix bolsa 75 gr","price":"0,79 €","pricePerUnit":"(10,53 €/Kg.)","imgUrl":"https://s0.dia.es/medias/hec/h5b/9650400559134.jpg"},{"title":"HARIBO golosinas surtidas favoritos azúcar bolsa 300 gr","price":"1,75 €","pricePerUnit":"(5,83 €/Kg.)","imgUrl":"https://s1.dia.es/medias/hd3/hd6/9581238845470.jpg"},{"title":"HARIBO golosinas surtidas favoritos regaliz bolsa 270 gr","price":"1,59 €","pricePerUnit":"(5,89 €/Kg.)","imgUrl":"https://s2.dia.es/medias/h1a/h07/9581244317726.jpg"},{"title":"HARIBO golosinas surtidas funky mix bolsa 300 gr","price":"1,75 €","pricePerUnit":"(5,83 €/Kg.)","imgUrl":"https://s2.dia.es/medias/hc6/hc0/9248282869790.jpg"},{"title":"HARIBO nubes de chocolate bolsa 175 gr","price":"1,55 €","pricePerUnit":"(8,86 €/Kg.)","imgUrl":"https://s2.dia.es/medias/h8f/he5/9650417139742.jpg"},{"title":"HARIBO Oro regaliz negro bolsa 108 gr 6 sticks","price":"1,59 €","pricePerUnit":"(14,72 €/Kg.)","imgUrl":"https://s1.dia.es/medias/h6e/hf5/9650405146654.jpg"},{"title":"MENTOS grageas sabor menta bote 30 gr","price":"1,55 €","pricePerUnit":"(51,67 €/Kg.)","imgUrl":"https://s3.dia.es/medias/h2c/h19/9582187773982.jpg"},{"title":"MIDEL cono chuches celebración SIN GLUTEN bolsa 70 gr","price":"1,00 €","pricePerUnit":"(16,67 €/Kg.)","imgUrl":"https://s3.dia.es/medias/he1/h7b/9565904830494.jpg"},{"title":"MIGUELAÑEZ golosina juicy drop pop 26 gr","price":"2,49 €","pricePerUnit":"(95,77 €/Kg.)","imgUrl":"https://s3.dia.es/medias/hbe/h86/9565919903774.jpg"},{"title":"MIGUELAÑEZ golosinas uvas 25 gr","price":"1,00 €","pricePerUnit":"(40,00 €/Kg.)","imgUrl":"https://s2.dia.es/medias/h1e/haa/9678019100702.jpg"},{"title":"SKITTLES caramelos sabor fruta bolsa 174 gr","price":"1,99 €","pricePerUnit":"(11,44 €/Kg.)","imgUrl":"https://s0.dia.es/medias/h3c/h44/9549228834846.jpg"},{"title":"SKITTLES caramelos sabor fruta bolsa 38 gr","price":"0,80 €","pricePerUnit":"(21,05 €/Kg.)","imgUrl":"https://s1.dia.es/medias/hbc/h38/9549296730142.jpg"},{"title":"SKITTLES caramelos sabor fruta bolsa 45 gr","price":"1,00 €","pricePerUnit":"(22,22 €/Kg.)","imgUrl":"https://s1.dia.es/medias/hb8/h65/9115255144478.jpg"},{"title":"SKITTLES caramelos ácidos crazy sours bolsa 174 gr","price":"1,99 €","pricePerUnit":"(11,44 €/Kg.)","imgUrl":"https://s3.dia.es/medias/h6a/h17/9549298368542.jpg"},{"title":"SKITTLES caramelos ácidos crazy sours bolsa 38 gr","price":"0,85 €","pricePerUnit":"(22,37 €/Kg.)","imgUrl":"https://s2.dia.es/medias/h5a/h43/9549299679262.jpg"},{"title":"SKITTLES caramelos ácidos crazy sours bolsa 45 gr","price":"1,00 €","pricePerUnit":"(22,22 €/Kg.)","imgUrl":"https://s2.dia.es/medias/hb9/h9f/9115258748958.jpg"},{"title":"SUGUS caramelos masticables multifrutas bolsa 150 gr","price":"1,49 €","pricePerUnit":"(9,93 €/Kg.)","imgUrl":"https://s0.dia.es/medias/h17/h80/9549215072286.jpg"},{"title":"SUGUS caramelos masticables multifrutas paquete 45 gr","price":"0,95 €","pricePerUnit":"(21,11 €/Kg.)","imgUrl":"https://s1.dia.es/medias/he4/he7/9549374128158.jpg"},{"title":"VIDAL caramelo blando pintalenguas sabor frambuesa caja 15 uds 157 gr","price":"1,79 €","pricePerUnit":"(11,40 €/Kg.)","imgUrl":"https://s3.dia.es/medias/hae/h37/9639200194590.jpg"},{"title":"VIDAL cintas pica fresa caja 300 gr","price":"1,99 €","pricePerUnit":"(6,63 €/Kg.)","imgUrl":"https://s0.dia.es/medias/h40/hef/8819824885790.png"},{"title":"VIDAL golosinas mega jelly mix tarrina 200 gr","price":"1,71 €","pricePerUnit":"(8,55 €/Kg.)","imgUrl":"https://s0.dia.es/medias/h80/h2c/8830634786846.png"},{"title":"VIDAL golosinas mega ácidas mix tarrina 200 gr","price":"1,71 €","pricePerUnit":"(8,55 €/Kg.)","imgUrl":"https://s2.dia.es/medias/h3c/h28/8830634262558.png"},{"title":"VIDAL regaliz blanco relleno caja 300 gr","price":"1,99 €","pricePerUnit":"(6,63 €/Kg.)","imgUrl":"https://s2.dia.es/medias/ha5/h87/8819317571614.png"},{"title":"WERTHER`S Original caramelos toffees blandos recubiertos bolsa 120 gr","price":"1,99 €","pricePerUnit":"(16,58 €/Kg.)","imgUrl":"https://s2.dia.es/medias/hb7/h88/9246962778142.jpg"}]},"caramelos-duros":{"categoryUrl":"/compra-online/productos/desayuno-dulces-y-pan/caramelos-y-chicles/caramelos-duros/c/WEB.004.038.00280","products":[{"title":"CAVENDISH & HARVEY caramelos frutas lata 200 gr","price":"1,21 €","pricePerUnit":"(6,05 €/Kg.)","imgUrl":"https://s1.dia.es/medias/hf6/hff/9052652535838.jpg"},{"title":"CHUPA CHUPS melody pops blíster 4 uds","price":"1,85 €","pricePerUnit":"(30,83 €/Kg.)","imgUrl":"https://s0.dia.es/medias/h66/hbe/9484600082462.jpg"},{"title":"CHUPA-CHUPS melody pops individual 15 gr","price":"0,55 €","pricePerUnit":"(36,67 €/Kg.)","imgUrl":"https://s2.dia.es/medias/h39/h14/9485019414558.jpg"},{"title":"CHUPA-CHUPS original individual 12 gr","price":"0,30 €","pricePerUnit":"(21,43 €/Kg.)","imgUrl":"https://s2.dia.es/medias/hcc/h0d/9508893196318.jpg"},{"title":"CHUPA-CHUPS the best of bolsa 16uds 192 gr","price":"1,99 €","pricePerUnit":"(9,57 €/Kg.)","imgUrl":"https://s3.dia.es/medias/hb0/h0e/9179969421342.jpg"},{"title":"DIA caramelos de leche bolsa 175 gr","price":"1,48 €","pricePerUnit":"(8,46 €/Kg.)","imgUrl":"https://s3.dia.es/medias/hd6/ha7/8823726080030.png"},{"title":"DIA caramelos eucalipto y menta bolsa 300 gr","price":"1,65 €","pricePerUnit":"(5,50 €/Kg.)","imgUrl":"https://s0.dia.es/medias/h2e/h6a/8823797383198.png"},{"title":"DIA caramelos mentol / limón bolsa 250 gr","price":"1,47 €","pricePerUnit":"(4,90 €/Kg.)","imgUrl":"https://s3.dia.es/medias/hf1/he5/8822051012638.png"},{"title":"DIA caramelos surtidos duros bolsa 1 Kg","price":"4,59 €","pricePerUnit":"(4,59 €/Kg.)","imgUrl":"https://s2.dia.es/medias/h1c/h61/8822939025438.png"},{"title":"HALLS caramelos eucaliptos mentolados sin azúcar bolsa 100 gr","price":"1,59 €","pricePerUnit":"(15,90 €/Kg.)","imgUrl":"https://s2.dia.es/medias/hb8/h5f/9552053567518.jpg"},{"title":"HALLS caramelos sabor eucalipto mentolado paquete 4 uds 32 gr","price":"2,00 €","pricePerUnit":"(15,63 €/Kg.)"},{"title":"HALLS caramelos sabor extra fuerte bolsa 100 gr","price":"1,59 €","pricePerUnit":"(15,90 €/Kg.)","imgUrl":"https://s1.dia.es/medias/hf5/h4c/9550785052702.jpg"},{"title":"HALLS caramelos sabores cítricos vita c  bolsa 100 gr","price":"1,65 €","pricePerUnit":"(16,50 €/Kg.)","imgUrl":"https://s3.dia.es/medias/h6f/hb8/9550812086302.jpg"},{"title":"HALLS eucalipto paquete 2 uds 64 gr","price":"1,79 €","pricePerUnit":"(27,97 €/Kg.)","imgUrl":"https://s0.dia.es/medias/hb4/haa/9669915148318.jpg"},{"title":"HALLS extrafuerte paquete 2 uds 64 gr","price":"1,75 €","pricePerUnit":"(27,34 €/Kg.)","imgUrl":"https://s1.dia.es/medias/h7c/h03/9669895159838.jpg"},{"title":"HALLS hierbabuena paquete 2 uds 64 gr","price":"1,55 €","pricePerUnit":"(22,14 €/Kg.)","imgUrl":"https://s0.dia.es/medias/hea/he0/9669919146014.jpg"},{"title":"HALLS miel-limón paquete 2 uds 67 gr","price":"1,55 €","pricePerUnit":"(23,13 €/Kg.)","imgUrl":"https://s3.dia.es/medias/h25/hb6/9670049759262.jpg"},{"title":"HALLS sandía paquete 2 uds 64 gr","price":"1,53 €","pricePerUnit":"(23,91 €/Kg.)","imgUrl":"https://s0.dia.es/medias/h12/h53/9669895487518.jpg"},{"title":"HALLS vita c cítricos paquete 2 uds 64 gr","price":"1,59 €","pricePerUnit":"(24,84 €/Kg.)","imgUrl":"https://s3.dia.es/medias/h6e/ha7/9669894832158.jpg"},{"title":"JUAN LOPEZ golosinas mini cubo 750 gr","price":"5,75 €","pricePerUnit":"(7,67 €/Kg.)","imgUrl":"https://s3.dia.es/medias/h1e/h8e/8816220962846.png"},{"title":"MENTOLIN caramelo sabor limón y melisa bolsa 250 gr","price":"1,69 €","pricePerUnit":"(6,76 €/Kg.)","imgUrl":"https://s1.dia.es/medias/h4b/h10/8833395228702.png"},{"title":"MENTOLIN caramelo sabor menta fresca bolsa 250 gr","price":"1,69 €","pricePerUnit":"(6,76 €/Kg.)","imgUrl":"https://s3.dia.es/medias/h1a/h81/8833423278110.png"},{"title":"MENTOS caramelos chocolate con leche tubo 38 gr","price":"1,00 €","pricePerUnit":"(26,32 €/Kg.)","imgUrl":"https://s1.dia.es/medias/h86/h84/9486709260318.jpg"},{"title":"MENTOS caramelos sabor fruta paquete 38 gr","price":"0,69 €","pricePerUnit":"(18,16 €/Kg.)","imgUrl":"https://s1.dia.es/medias/h11/h2e/9484571246622.jpg"},{"title":"MIDEL cono chuches celebración SIN GLUTEN bolsa 70 gr","price":"1,00 €","pricePerUnit":"(16,67 €/Kg.)","imgUrl":"https://s3.dia.es/medias/he1/h7b/9565904830494.jpg"},{"title":"MIGUELAÑEZ caramelo duro push up sabor fresa 15 gr","price":"1,00 €","pricePerUnit":"(66,67 €/Kg.)","imgUrl":"https://s3.dia.es/medias/h13/hc9/9034770448414.jpg"},{"title":"PEZ caramelos 25,5 gr","price":"1,35 €","pricePerUnit":"(52,94 €/Kg.)","imgUrl":"https://s2.dia.es/medias/h69/h8a/9667556802590.jpg"},{"title":"PICTOLIN caramelo eucalipto bolsa 300 gr","price":"1,72 €","pricePerUnit":"(5,73 €/Kg.)","imgUrl":"https://s0.dia.es/medias/hbc/hfe/9076102365214.jpg"},{"title":"PICTOLIN caramelo eucalipto sin azúcar bolsa 200 gr","price":"2,29 €","pricePerUnit":"(11,45 €/Kg.)","imgUrl":"https://s3.dia.es/medias/hc4/h17/9048641404958.jpg"},{"title":"RESPIRAL caramelos eucalipto mentol bolsa 150 gr","price":"1,25 €","pricePerUnit":"(8,33 €/Kg.)","imgUrl":"https://s3.dia.es/medias/h39/hf8/9549349552158.jpg"},{"title":"SMINT balsámico eucalipto sin azúcar lata 35 gr","price":"1,99 €","pricePerUnit":"(56,86 €/Kg.)","imgUrl":"https://s3.dia.es/medias/h37/h5d/9485276020766.jpg"},{"title":"SMINT pastillas de fresa lata 35 gr","price":"1,75 €","pricePerUnit":"(50,00 €/Kg.)","imgUrl":"https://s0.dia.es/medias/h5b/h81/9483549868062.jpg"},{"title":"SMINT pastillas de frutas silvestres dispensador 8 gr","price":"1,49 €\n\t\t\t\t\t\t\t1,19 €","pricePerUnit":"(186,25 €/Kg.)\n\t\t\t\t\t\t\t (148,75 €/Kg.)","imgUrl":"https://s1.dia.es/medias/hf1/h0d/9485339983902.jpg"},{"title":"SMINT pastillas de frutos rojos lata 35 gr","price":"1,99 €","pricePerUnit":"(56,86 €/Kg.)","imgUrl":"https://s3.dia.es/medias/h6c/hfc/9483526340638.jpg"},{"title":"SMINT pastillas de limón lata 35 gr","price":"1,75 €","pricePerUnit":"(50,00 €/Kg.)","imgUrl":"https://s2.dia.es/medias/hd3/h13/9483281498142.jpg"},{"title":"SMINT pastillas de menta dispensador 8 gr","price":"1,49 €\n\t\t\t\t\t\t\t1,19 €","pricePerUnit":"(186,25 €/Kg.)\n\t\t\t\t\t\t\t (148,75 €/Kg.)","imgUrl":"https://s3.dia.es/medias/h36/hcd/9485527777310.jpg"},{"title":"SMINT pastillas de peppermint dispensador 8 gr","price":"1,49 €\n\t\t\t\t\t\t\t1,19 €","pricePerUnit":"(186,25 €/Kg.)\n\t\t\t\t\t\t\t (148,75 €/Kg.)","imgUrl":"https://s2.dia.es/medias/h9a/h22/9485544947742.jpg"},{"title":"SMINT pastillas de peppermint lata 35 gr","price":"1,75 €","pricePerUnit":"(50,00 €/Kg.)","imgUrl":"https://s0.dia.es/medias/h56/hc2/9483820859422.jpg"},{"title":"SOLANO caramelos duros tradicionales bolsa 99 gr","price":"1,89 €","pricePerUnit":"(19,09 €/Kg.)","imgUrl":"https://s0.dia.es/medias/h91/hf6/9549191413790.jpg"},{"title":"SOLANO caramelos sabor café expresso bolsa 99 gr","price":"1,89 €","pricePerUnit":"(19,09 €/Kg.)","imgUrl":"https://s2.dia.es/medias/h7d/h60/9326303707166.jpg"},{"title":"SOLANO caramelos sabor fresa y nata bolsa 99 gr","price":"1,89 €","pricePerUnit":"(19,09 €/Kg.)","imgUrl":"https://s2.dia.es/medias/h11/h90/9549388218398.jpg"},{"title":"TIC TAC caramelo de cherry passion envase 18 gr","price":"1,00 €","pricePerUnit":"(55,56 €/Kg.)","imgUrl":"https://s1.dia.es/medias/h8d/h67/9656198725662.jpg"},{"title":"TIC TAC caramelo de fresa mix envase 18 gr","price":"1,00 €","pricePerUnit":"(55,56 €/Kg.)","imgUrl":"https://s3.dia.es/medias/he7/h63/9656226840606.jpg"},{"title":"TIC TAC caramelo de menta envase 18 gr","price":"1,00 €","pricePerUnit":"(55,56 €/Kg.)","imgUrl":"https://s2.dia.es/medias/h9c/h9a/9656213274654.jpg"},{"title":"WERTHER`S Original caramelos de nata bolsa 150 gr","price":"1,59 €","pricePerUnit":"(10,60 €/Kg.)","imgUrl":"https://s2.dia.es/medias/h22/hf8/9576970190878.jpg"},{"title":"WERTHER`S Original caramelos de nata sabor cacao sin azúcar bolsa 60 gr","price":"1,39 €","pricePerUnit":"(23,17 €/Kg.)","imgUrl":"https://s1.dia.es/medias/ha6/h20/9576919662622.jpg"},{"title":"WERTHER`S Original caramelos de nata sin azúcar bolsa 90 gr","price":"1,79 €","pricePerUnit":"(19,89 €/Kg.)","imgUrl":"https://s2.dia.es/medias/hfa/he2/9576905015326.jpg"}]},"chicles":{"categoryUrl":"/compra-online/productos/desayuno-dulces-y-pan/caramelos-y-chicles/chicles/c/WEB.004.038.00281","products":[{"title":"BOOMER chicle maxiroll 56 gr","price":"1,69 €","pricePerUnit":"(30,18 €/Kg.)","imgUrl":"https://s3.dia.es/medias/hc6/h06/9577502310430.jpg"},{"title":"DIA chicle grageas sabor menta suave sin azúcares bolsa 98 gr","price":"1,90 €","pricePerUnit":"(19,39 €/Kg.)","imgUrl":"https://s2.dia.es/medias/hdf/hde/8945494097950.png"},{"title":"DIA chicle sabor fresa clásico bolsa 84 gr","price":"1,65 €","pricePerUnit":"(19,64 €/Kg.)","imgUrl":"https://s0.dia.es/medias/h3e/ha6/8894420615198.png"},{"title":"DIA chicle sabor fresa sin azúcares bolsa 98 gr","price":"1,90 €","pricePerUnit":"(19,39 €/Kg.)","imgUrl":"https://s2.dia.es/medias/h54/h36/8823645339678.png"},{"title":"DIA chicle sabor hierbabuena sin azúcares bolsa 98 gr","price":"1,90 €","pricePerUnit":"(19,39 €/Kg.)","imgUrl":"https://s1.dia.es/medias/h63/h01/8823917969438.png"},{"title":"DIA chicle sabor menta fuerte sin azúcares bolsa 98 gr","price":"1,90 €","pricePerUnit":"(19,39 €/Kg.)","imgUrl":"https://s1.dia.es/medias/h0f/h3c/8945494425630.png"},{"title":"DIA chicle triple acción bolsa 84 gr","price":"1,65 €","pricePerUnit":"(19,64 €/Kg.)","imgUrl":"https://s2.dia.es/medias/hd4/hf5/8894360682526.png"},{"title":"FIVE chicle celsius sabor frutos rojos paquete 1 ud","price":"1,69 €","pricePerUnit":"(54,52 €/Kg.)","imgUrl":"https://s3.dia.es/medias/h4d/h69/9592285626398.jpg"},{"title":"FIVE chicle celsius sabor frutos rojos paquete 2 uds 58 gr","price":"2,33 €","pricePerUnit":"(40,17 €/Kg.)"},{"title":"FIVE chicle cobalt sabor menta refrescante paquete 2 uds","price":"2,99 €","pricePerUnit":"(48,23 €/Kg.)"},{"title":"FIVE chicle cobalt sabor menta refrescante paquete 31 gr","price":"1,69 €","pricePerUnit":"(54,52 €/Kg.)","imgUrl":"https://s3.dia.es/medias/he7/hf3/9577461579806.jpg"},{"title":"FIVE chicle electro sabor hierbabuena paquete 2 uds","price":"2,69 €","pricePerUnit":"(43,39 €/Kg.)"},{"title":"FIVE chicle electro sabor hierbabuena paquete 31 gr","price":"1,69 €","pricePerUnit":"(54,52 €/Kg.)","imgUrl":"https://s2.dia.es/medias/h07/h71/9577509158942.jpg"},{"title":"FIVE chicle sabor manzana paquete 2 uds","price":"2,85 €","pricePerUnit":"(38,00 €/Kg.)","imgUrl":"https://s1.dia.es/medias/he4/h80/9076065796126.jpg"},{"title":"FIVE chicle sabor sandía cubo 69 gr","price":"2,99 €","pricePerUnit":"(41,53 €/Kg.)","imgUrl":"https://s3.dia.es/medias/hab/hd3/9544607301662.jpg"},{"title":"FIVE chicle spearmint sabor hierbabuena bote 69 gr","price":"2,99 €","pricePerUnit":"(41,53 €/Kg.)","imgUrl":"https://s1.dia.es/medias/h1c/h25/9544603041822.jpg"},{"title":"FIVE chicle turbulence sabor sandía paquete 1 ud","price":"1,69 €","pricePerUnit":"(54,52 €/Kg.)","imgUrl":"https://s0.dia.es/medias/h7b/hfb/9592210784286.jpg"},{"title":"FIVE chicle turbulence sabor sandía paquete 2 uds 62 gr","price":"2,99 €","pricePerUnit":"(48,23 €/Kg.)"},{"title":"MENTOS chicle sabor menta fresca bote 45 gr","price":"1,55 €","pricePerUnit":"(34,44 €/Kg.)","imgUrl":"https://s0.dia.es/medias/h7f/h12/9582178205726.jpg"},{"title":"ORBIT chicle grageas sabor arándanos paquete 1 ud","price":"0,95 €","pricePerUnit":"(67,86 €/Kg.)","imgUrl":"https://s0.dia.es/medias/hf5/h88/9549213433886.jpg"},{"title":"ORBIT chicle grageas sabor arándanos paquete 5 uds","price":"2,05 €","pricePerUnit":"(25,63 €/Kg.)","imgUrl":"https://s0.dia.es/medias/h6f/h1d/9549230145566.jpg"},{"title":"ORBIT chicle grageas sabor bubblemint paquete 5 uds","price":"2,05 €","pricePerUnit":"(25,31 €/Kg.)","imgUrl":"https://s0.dia.es/medias/hd7/h81/9544592883742.jpg"},{"title":"ORBIT chicle grageas sabor eucalipto bote 84 gr","price":"2,99 €","pricePerUnit":"(35,60 €/Kg.)","imgUrl":"https://s3.dia.es/medias/hd1/hc9/9549153009694.jpg"},{"title":"ORBIT chicle grageas sabor eucalipto paquete 5 uds","price":"2,05 €","pricePerUnit":"(25,31 €/Kg.)","imgUrl":"https://s3.dia.es/medias/h05/h98/9402465550366.jpg"},{"title":"ORBIT chicle grageas sabor fresa bote 84 gr","price":"2,99 €","pricePerUnit":"(35,60 €/Kg.)","imgUrl":"https://s3.dia.es/medias/h0e/h68/9549188792350.jpg"},{"title":"ORBIT chicle grageas sabor fresa paquete 5 uds","price":"2,05 €","pricePerUnit":"(25,31 €/Kg.)","imgUrl":"https://s3.dia.es/medias/hc2/h1d/9544608284702.jpg"},{"title":"ORBIT chicle grageas sabor hierbabuena bote 84 gr","price":"2,99 €","pricePerUnit":"(35,60 €/Kg.)","imgUrl":"https://s1.dia.es/medias/hcd/h4e/9549189120030.jpg"},{"title":"ORBIT chicle grageas sabor hierbabuena paquete 1 ud","price":"0,95 €","pricePerUnit":"(67,86 €/Kg.)","imgUrl":"https://s0.dia.es/medias/hd8/h3d/9549281919006.jpg"},{"title":"ORBIT chicle grageas sabor hierbabuena paquete 5 uds","price":"2,05 €","pricePerUnit":"(25,31 €/Kg.)","imgUrl":"https://s0.dia.es/medias/h5f/hdf/9198744764446.jpg"},{"title":"ORBIT chicle grageas sabor menta bote 84 gr","price":"2,99 €","pricePerUnit":"(35,60 €/Kg.)","imgUrl":"https://s2.dia.es/medias/h92/h35/9549248823326.jpg"},{"title":"ORBIT chicle grageas sabor menta fuerte paquete 5 uds","price":"2,05 €","pricePerUnit":"(25,63 €/Kg.)","imgUrl":"https://s3.dia.es/medias/h0e/h40/9549317111838.jpg"},{"title":"ORBIT chicle grageas sabor menta paquete 5 uds","price":"2,05 €","pricePerUnit":"(25,31 €/Kg.)","imgUrl":"https://s3.dia.es/medias/h4b/hc7/9544593211422.jpg"},{"title":"ORBIT chicle grageas sabor naranja paquete 1 ud","price":"0,95 €","pricePerUnit":"(47,50 €/Kg.)","imgUrl":"https://s0.dia.es/medias/hee/hea/8980758331422.jpg"},{"title":"ORBIT chicle grageas sabor sandia paquete 5 uds","price":"2,05 €","pricePerUnit":"(26,62 €/Kg.)","imgUrl":"https://s0.dia.es/medias/hf5/hdd/8958477139998.jpg"},{"title":"ORBIT chicle grageas sabor sandía paquete 1 ud","price":"0,95 €","pricePerUnit":"(47,50 €/Kg.)","imgUrl":"https://s2.dia.es/medias/h53/h09/8980655046686.jpg"},{"title":"ORBIT chicle grajeas sabor eucalipto paquete 1 ud","price":"0,95 €","pricePerUnit":"(47,50 €/Kg.)","imgUrl":"https://s3.dia.es/medias/h79/hb3/9549350207518.jpg"},{"title":"ORBIT chicle grajeas sabor fresa acida paquete 14 gr","price":"0,95 €","pricePerUnit":"(67,86 €/Kg.)","imgUrl":"https://s1.dia.es/medias/h20/hf8/9549134495774.jpg"},{"title":"ORBIT chicle grajeas sabor menta fuerte paquete 1 ud","price":"0,95 €","pricePerUnit":"(67,86 €/Kg.)","imgUrl":"https://s2.dia.es/medias/h8b/he8/9549278314526.jpg"},{"title":"ORBIT chicle grajeas sabor menta paquete 14 gr","price":"0,95 €","pricePerUnit":"(67,86 €/Kg.)","imgUrl":"https://s1.dia.es/medias/h5f/h39/9549213761566.jpg"},{"title":"ORBIT chicle láminas sabor hierbabuena paquete 5 uds","price":"2,05 €","pricePerUnit":"(14,64 €/Kg.)","imgUrl":"https://s1.dia.es/medias/hd0/h8e/9076080345118.jpg"},{"title":"ORBIT White chicle grageas sabor fresa bote 64 gr","price":"2,99 €","pricePerUnit":"(46,72 €/Kg.)","imgUrl":"https://s0.dia.es/medias/hd2/hed/9523562086430.jpg"},{"title":"ORBIT White chicle grageas sabor hierbabuena bote 64 gr","price":"2,99 €","pricePerUnit":"(46,72 €/Kg.)","imgUrl":"https://s1.dia.es/medias/h38/h67/9549158580254.jpg"},{"title":"TRIDENT chicle 60 minutos sabor eucalipto  paquete 20 gr","price":"1,00 €","pricePerUnit":"(50,00 €/Kg.)","imgUrl":"https://s1.dia.es/medias/h23/hd2/9367034134558.jpg"},{"title":"TRIDENT chicle 60 minutos sabor hierbabuena paquete 20 gr","price":"1,00 €","pricePerUnit":"(50,00 €/Kg.)","imgUrl":"https://s2.dia.es/medias/hfa/h86/9326340276254.jpg"},{"title":"TRIDENT chicle 60 minutos sabor hierbabuena paquete 3 uds","price":"1,95 €","pricePerUnit":"(32,50 €/Kg.)","imgUrl":"https://s1.dia.es/medias/h98/he2/9207132356638.jpg"},{"title":"TRIDENT chicle 60 minutos sabor menta paquete 3 uds","price":"1,99 €","pricePerUnit":"(33,17 €/Kg.)","imgUrl":"https://s0.dia.es/medias/h5f/h9d/9343567396894.jpg"},{"title":"TRIDENT chicle 60 minutos sabor peppermint bote 80 gr","price":"2,99 €","pricePerUnit":"(41,53 €/Kg.)","imgUrl":"https://s1.dia.es/medias/h1f/he8/9572934221854.jpg"},{"title":"TRIDENT chicle grageas sabor fresa bolsa 43 gr","price":"1,00 €","pricePerUnit":"(23,26 €/Kg.)","imgUrl":"https://s0.dia.es/medias/he9/hc3/9553906106398.jpg"},{"title":"TRIDENT chicle grageas sabor fresa paquete 4 uds","price":"1,99 €","pricePerUnit":"(34,31 €/Kg.)","imgUrl":"https://s3.dia.es/medias/hbf/he1/9553887723550.jpg"},{"title":"TRIDENT chicle grageas sabor hierbabuena bolsa 43 gr","price":"1,00 €","pricePerUnit":"(23,26 €/Kg.)","imgUrl":"https://s3.dia.es/medias/h8e/ha7/9550800945182.jpg"},{"title":"TRIDENT chicle grageas sabor hierbabuena paquete 4 uds","price":"1,99 €","pricePerUnit":"(28,43 €/Kg.)","imgUrl":"https://s2.dia.es/medias/h72/h8a/9547575492638.jpg"},{"title":"TRIDENT chicle grageas sabor menta bolsa 43 gr","price":"1,00 €","pricePerUnit":"(23,26 €/Kg.)","imgUrl":"https://s2.dia.es/medias/hbb/hb3/9550833352734.jpg"},{"title":"TRIDENT chicle grageas sabor menta paquete 4 uds","price":"1,99 €","pricePerUnit":"(34,31 €/Kg.)","imgUrl":"https://s2.dia.es/medias/h5d/h18/9547575820318.jpg"},{"title":"TRIDENT chicle láminas sabor fresa paquete 13,5 gr","price":"0,79 €","pricePerUnit":"(58,52 €/Kg.)","imgUrl":"https://s2.dia.es/medias/hba/h96/9547223498782.jpg"},{"title":"TRIDENT chicle láminas sabor fresa paquete 5 uds","price":"1,59 €","pricePerUnit":"(23,38 €/Kg.)","imgUrl":"https://s3.dia.es/medias/h4f/hbd/9549151698974.jpg"},{"title":"TRIDENT chicle láminas sabor hierbabuena paquete 13,5 gr","price":"0,79 €","pricePerUnit":"(58,52 €/Kg.)","imgUrl":"https://s2.dia.es/medias/ha3/h8d/8966301777950.jpg"},{"title":"TRIDENT chicle láminas sabor hierbabuena paquete 5 uds","price":"1,99 €","pricePerUnit":"(24,88 €/Kg.)","imgUrl":"https://s0.dia.es/medias/h09/hd5/9536096010270.jpg"},{"title":"TRIDENT chicle max sabor sandia paquete 3 uds","price":"1,99 €","pricePerUnit":"(33,17 €/Kg.)","imgUrl":"https://s3.dia.es/medias/h90/hb4/9344501055518.jpg"},{"title":"TRIDENT chicle sabor menta bote 82,6 gr","price":"2,99 €","pricePerUnit":"(36,20 €/Kg.)","imgUrl":"https://s2.dia.es/medias/hda/hef/9541178195998.jpg"},{"title":"TRIDENT Senses chicle láminas sabor hierbabuena paquete 23 gr","price":"1,00 €","pricePerUnit":"(43,48 €/Kg.)","imgUrl":"https://s2.dia.es/medias/h31/h5e/9568086655006.jpg"},{"title":"TRIDENT Senses chicle láminas sabor sandía paquete 23 gr","price":"1,00 €","pricePerUnit":"(43,48 €/Kg.)","imgUrl":"https://s1.dia.es/medias/h59/h05/9568166707230.jpg"},{"title":"TRIDENT Senses chicle láminas sabor tropical mix paquete 23 gr","price":"1,00 €","pricePerUnit":"(43,48 €/Kg.)","imgUrl":"https://s3.dia.es/medias/h45/h85/9568159760414.jpg"}]}},"galletas":{"name":"Galletas","productTypes":["barquillos","con-chocolate","de-mantequilla","desayuno","desayuno-y-merienda-infantil","digestive","maria","rellenas","salud","surtidas-y-pastas-de-te"],"barquillos":{"categoryUrl":"/compra-online/productos/desayuno-dulces-y-pan/galletas/barquillos/c/WEB.004.039.00282","products":[{"title":"ARTIACH barquillo relleno de crema de chocolate paquete 210 gr","price":"1,59 €","pricePerUnit":"(7,57 €/Kg.)","imgUrl":"https://s3.dia.es/medias/h63/hb7/9668429742110.jpg"},{"title":"ARTIACH barquillo relleno de crema de limón paquete 210 gr","price":"1,59 €","pricePerUnit":"(7,57 €/Kg.)","imgUrl":"https://s2.dia.es/medias/hc5/hcc/9668457234462.jpg"},{"title":"ARTIACH barquillo relleno de nata paquete 210 gr","price":"1,59 €","pricePerUnit":"(7,57 €/Kg.)","imgUrl":"https://s2.dia.es/medias/hd1/h68/9668418109470.jpg"},{"title":"DIA barquillo relleno de nata paquete 240 gr","price":"0,79 €","pricePerUnit":"(3,29 €/Kg.)","imgUrl":"https://s1.dia.es/medias/h1b/hf7/9114671185950.jpg"},{"title":"DIA DELICIOUS barquillos chocolate con leche caja 125 gr","price":"1,55 €","pricePerUnit":"(12,40 €/Kg.)","imgUrl":"https://s3.dia.es/medias/h12/ha9/8945512906782.png"},{"title":"DIA DELICIOUS barquillos chocolate negro caja 125 gr","price":"1,59 €","pricePerUnit":"(12,72 €/Kg.)","imgUrl":"https://s1.dia.es/medias/hf0/hb8/8945500913694.png"},{"title":"DIA mini barquillo chocolate blanco bolsa 200 gr","price":"1,55 €","pricePerUnit":"(7,75 €/Kg.)","imgUrl":"https://s2.dia.es/medias/he2/h59/8984118558750.jpg"},{"title":"DIA VITAL barquillo relleno sabor vainilla sin azúcares añadidos paquete 220 gr","price":"1,35 €","pricePerUnit":"(6,14 €/Kg.)","imgUrl":"https://s1.dia.es/medias/hb2/hdd/8969262432286.jpg"},{"title":"GULLON Diet Nature barquillo de chocolate sin azúcar paquete 210 grs","price":"1,49 €","pricePerUnit":"(7,10 €/Kg.)","imgUrl":"https://s3.dia.es/medias/hab/h83/9675412176926.jpg"},{"title":"GULLON Diet nature barquillos de vainilla sin azúcares paquete 210 gr","price":"1,49 €","pricePerUnit":"(7,10 €/Kg.)","imgUrl":"https://s0.dia.es/medias/h34/h7d/9675422826526.jpg"},{"title":"REGLERO barquillos rellenos de crema de café caja 260 gr","price":"1,69 €","pricePerUnit":"(6,50 €/Kg.)","imgUrl":"https://s1.dia.es/medias/h24/h80/8962719219742.jpg"}]},"con-chocolate":{"categoryUrl":"/compra-online/productos/desayuno-dulces-y-pan/galletas/con-chocolate/c/WEB.004.039.00283","products":[{"title":"ARTIACH Dinosaurus galletas de cereales con chocolate y leche caja 340 gr","price":"2,50 €","pricePerUnit":"(7,35 €/Kg.)","imgUrl":"https://s3.dia.es/medias/hcd/he7/9668434657310.jpg"},{"title":"BELVITA galletas desayuno con chocolate y cereales caja 300 gr","price":"1,50 €","pricePerUnit":"(5,00 €/Kg.)","imgUrl":"https://s3.dia.es/medias/h4a/hd4/9629932126238.jpg"},{"title":"CASINO BIO galletas con pepitas de chocolate y quinoa caja 135 gr","price":"1,39 €","pricePerUnit":"(10,30 €/Kg.)","imgUrl":"https://s0.dia.es/medias/hae/hde/9327490301982.jpg"},{"title":"CASINO BIO galletas de mantequilla cubiertas de chocolate con leche paquete 150 gr","price":"1,75 €","pricePerUnit":"(11,67 €/Kg.)","imgUrl":"https://s3.dia.es/medias/h37/hc5/9327506915358.jpg"},{"title":"CHIPS AHOY extra chocolate paquete 182 gr","price":"2,30 €","pricePerUnit":"(12,64 €/Kg.)","imgUrl":"https://s1.dia.es/medias/hd2/hac/9568349028382.jpg"},{"title":"CHIPS AHOY extra pepitas de chocolate xl bolsa 184 gr","price":"2,30 €","pricePerUnit":"(12,50 €/Kg.)","imgUrl":"https://s1.dia.es/medias/hb0/h90/9547217272862.jpg"},{"title":"CHIPS AHOY galletas con pepitas de chocolate caja 400 gr","price":"3,39 €","pricePerUnit":"(8,48 €/Kg.)","imgUrl":"https://s3.dia.es/medias/h5d/h51/9543841611806.jpg"},{"title":"CHIPS AHOY galletas extra tiernas paquete 182 gr","price":"2,30 €","pricePerUnit":"(12,64 €/Kg.)","imgUrl":"https://s0.dia.es/medias/h8d/h87/9551218835486.jpg"},{"title":"DIA chocoaros blancos paquete 150 grs","price":"0,59 €","pricePerUnit":"(3,93 €/Kg.)","imgUrl":"https://s3.dia.es/medias/h3d/h0b/9015904501790.jpg"},{"title":"DIA chocoaros negros paquete 150 grs","price":"0,59 €","pricePerUnit":"(3,93 €/Kg.)","imgUrl":"https://s0.dia.es/medias/h29/h7d/9039663038494.jpg"},{"title":"DIA cookies con chocolate blanco y arándanos estuche 200 gr","price":"1,85 €","pricePerUnit":"(9,25 €/Kg.)","imgUrl":"https://s3.dia.es/medias/h22/h60/9114706968606.jpg"},{"title":"DIA galleta con chips de chocolate 37% estuche 225 gr","price":"0,82 €","pricePerUnit":"(3,64 €/Kg.)","imgUrl":"https://s2.dia.es/medias/hf7/hf8/9148210774046.jpg"},{"title":"DIA galleta cubierta de chocolate con leche paquete 150 gr","price":"0,99 €","pricePerUnit":"(6,60 €/Kg.)","imgUrl":"https://s2.dia.es/medias/he5/h80/9114702053406.jpg"},{"title":"DIA galleta cubierta de chocolate negro caja 150 gr","price":"0,89 €","pricePerUnit":"(5,93 €/Kg.)","imgUrl":"https://s1.dia.es/medias/h6d/h55/9114678919198.jpg"},{"title":"DIA galletas mini cookies caja 160 gr","price":"1,15 €","pricePerUnit":"(7,19 €/Kg.)","imgUrl":"https://s3.dia.es/medias/hb2/hac/9015871406110.jpg"},{"title":"DIA VITAL cookies paquete 185 gr","price":"1,21 €","pricePerUnit":"(6,54 €/Kg.)","imgUrl":"https://s1.dia.es/medias/h49/h9c/8977094213662.jpg"},{"title":"GULLON galleta choco chip SIN GLUTEN paquete 130 gr","price":"1,85 €","pricePerUnit":"(14,23 €/Kg.)","imgUrl":"https://s2.dia.es/medias/hd5/h76/9675411521566.jpg"},{"title":"GULLON galletas choco chips bio organic caja 250 gr","price":"2,50 €","pricePerUnit":"(10,00 €/Kg.)","imgUrl":"https://s0.dia.es/medias/h5a/h3d/9675407917086.jpg"},{"title":"LU galleta petit ecolier cubierta de chocolate paquete 150 gr","price":"1,95 €","pricePerUnit":"(13,00 €/Kg.)","imgUrl":"https://s2.dia.es/medias/h47/hf4/9249642184734.jpg"},{"title":"LU Mikado palitos de galleta recubiertos de chocolate caja 75 gr","price":"1,35 €","pricePerUnit":"(18,00 €/Kg.)","imgUrl":"https://s3.dia.es/medias/h59/h43/9551998517278.jpg"},{"title":"LU Mikado palitos de galleta recubiertos de chocolate con leche caja 39 gr","price":"1,00 €","pricePerUnit":"(25,64 €/Kg.)","imgUrl":"https://s3.dia.es/medias/hac/hf1/9517530349598.jpg"},{"title":"LU Mikado palitos de galleta recubiertos de chocolate con leche caja 75 gr","price":"1,37 €","pricePerUnit":"(1,37 €/Kg.)","imgUrl":"https://s1.dia.es/medias/h87/h66/9556805189662.jpg"},{"title":"LU PRINCIPE galletas rellenas de crema de chocolate pack 3 x 300 gr","price":"4,71 €","pricePerUnit":"(5,23 €/Kg.)","imgUrl":"https://s2.dia.es/medias/h4b/h85/9673739239454.jpg"},{"title":"LU PRINCIPE Maxi choc galletas rellenas de crema chocolate pack 3 x 250 gr","price":"4,71 €","pricePerUnit":"(6,28 €/Kg.)","imgUrl":"https://s0.dia.es/medias/h2c/hb4/9548150505502.jpg"},{"title":"MILKA galletas chocowafer 180 grs","price":"2,15 €","pricePerUnit":"(11,94 €/Kg.)","imgUrl":"https://s0.dia.es/medias/hf5/h1d/9547212685342.jpg"}]},"de-mantequilla":{"categoryUrl":"/compra-online/productos/desayuno-dulces-y-pan/galletas/de-mantequilla/c/WEB.004.039.00284","products":[{"title":"CASINO BIO galletas de mantequilla paquete 200 gr","price":"1,49 €","pricePerUnit":"(8,92 €/Kg.)","imgUrl":"https://s0.dia.es/medias/h9f/hf5/9327498166302.jpg"},{"title":"Galletas de mantequilla lata 500 gr","price":"3,07 €","pricePerUnit":"(6,14 €/Kg.)","imgUrl":"https://s2.dia.es/medias/h38/h74/9169846730782.jpg"},{"title":"ST MICHEL galletas palet con mantequilla paquete 150 gr","price":"1,50 €","pricePerUnit":"(10,00 €/Kg.)","imgUrl":"https://s3.dia.es/medias/h4e/hab/8895282446366.png"}]},"desayuno":{"categoryUrl":"/compra-online/productos/desayuno-dulces-y-pan/galletas/desayuno/c/WEB.004.039.00285","products":[{"title":"BELVITA galletas desayuno con cereales caja 300 gr","price":"1,50 €","pricePerUnit":"(5,00 €/Kg.)","imgUrl":"https://s0.dia.es/medias/hc8/hd9/9629913120798.jpg"},{"title":"BELVITA galletas desayuno con chocolate y cereales caja 300 gr","price":"1,50 €","pricePerUnit":"(5,00 €/Kg.)","imgUrl":"https://s3.dia.es/medias/h4a/hd4/9629932126238.jpg"},{"title":"CHIQUILIN energy galleta paquete 200 gr","price":"2,10 €","pricePerUnit":"(10,50 €/Kg.)","imgUrl":"https://s0.dia.es/medias/h3a/h0c/9667587506206.jpg"},{"title":"CUETARA CAMPURRIANAS galletas caja 800 gr","price":"2,25 €","pricePerUnit":"(2,81 €/Kg.)","imgUrl":"https://s0.dia.es/medias/h83/h74/9683274399774.jpg"},{"title":"CUETARA galletas de desayuno napolitanas con canela paquete 500 grs","price":"1,85 €","pricePerUnit":"(3,70 €/Kg.)","imgUrl":"https://s0.dia.es/medias/h86/h29/9668438261790.jpg"},{"title":"DIA galletas relieve caja 700 gr","price":"0,99 €","pricePerUnit":"(1,41 €/Kg.)","imgUrl":"https://s3.dia.es/medias/hbb/h90/9081065340958.jpg"},{"title":"DIA galletas tostadas paquete 800 gr","price":"0,86 €","pricePerUnit":"(1,08 €/Kg.)","imgUrl":"https://s1.dia.es/medias/h6f/h76/9093446139934.jpg"},{"title":"FLOR BURGALESA galleta castellana integral bolsa 500 gr","price":"1,95 €","pricePerUnit":"(3,90 €/Kg.)","imgUrl":"https://s1.dia.es/medias/hd9/h61/9485938819102.jpg"},{"title":"FLORA galleta tostada caja 450 gr","price":"1,24 €","pricePerUnit":"(2,76 €/Kg.)","imgUrl":"https://s3.dia.es/medias/hf7/h4e/9324954517534.jpg"},{"title":"GULLON Creme Tropical caja 800 grs","price":"2,25 €","pricePerUnit":"(2,81 €/Kg.)","imgUrl":"https://s3.dia.es/medias/he2/h27/9675424792606.jpg"},{"title":"LOTUS galleta caramelizada bolsa 120 gr","price":"1,00 €","pricePerUnit":"(8,33 €/Kg.)","imgUrl":"https://s0.dia.es/medias/h2d/h0d/9662447779870.jpg"}]},"desayuno-y-merienda-infantil":{"categoryUrl":"/compra-online/productos/desayuno-dulces-y-pan/galletas/desayuno-y-merienda-infantil/c/WEB.004.039.00286","products":[{"title":"ARLUY mini galletas pokémon paquete 500 gr","price":"2,99 €","pricePerUnit":"(5,98 €/Kg.)","imgUrl":"https://s2.dia.es/medias/h9b/h1d/9520178724894.jpg"},{"title":"ARLUY Simpson mini galletas chocolateadas de desayuno caja 135 gr","price":"1,00 €","pricePerUnit":"(7,41 €/Kg.)","imgUrl":"https://s0.dia.es/medias/h6c/hcc/8816231448606.png"},{"title":"ARTIACH Chiquilin galletas caja 875 gr","price":"3,75 €","pricePerUnit":"(4,29 €/Kg.)","imgUrl":"https://s0.dia.es/medias/h45/hba/9667605856286.jpg"},{"title":"ARTIACH Dinosaurus galletas de cereales con chocolate y leche caja 340 gr","price":"2,50 €","pricePerUnit":"(7,35 €/Kg.)","imgUrl":"https://s3.dia.es/medias/hcd/he7/9668434657310.jpg"},{"title":"ARTIACH Dinosaurus galletas de cereales con vitaminas caja 411 gr","price":"2,25 €","pricePerUnit":"(5,47 €/Kg.)","imgUrl":"https://s1.dia.es/medias/h6b/hd3/9680316727326.jpg"},{"title":"ARTIACH Dinosaurus galletas de cereales con vitaminas sin azúcares caja 185 gr","price":"1,85 €","pricePerUnit":"(10,00 €/Kg.)","imgUrl":"https://s0.dia.es/medias/h36/ha8/9668454547486.jpg"},{"title":"ARTIACH Dinosaurus huevos galletas caja 140 gr","price":"1,29 €","pricePerUnit":"(9,21 €/Kg.)","imgUrl":"https://s0.dia.es/medias/heb/h46/9680507437086.jpg"},{"title":"CHIPS AHOY mini galletas caja 160 gr","price":"1,45 €","pricePerUnit":"(9,06 €/Kg.)","imgUrl":"https://s3.dia.es/medias/h25/h56/9572029169694.jpg"},{"title":"CHIQUILIN  galletas ositos sabor choco caja 450 gr","price":"2,85 €","pricePerUnit":"(6,33 €/Kg.)","imgUrl":"https://s2.dia.es/medias/hb9/h10/9667586850846.jpg"},{"title":"CHIQUILIN Chiquichocs mini galletas con pepitas de chocolate estuche 140 gr","price":"1,35 €","pricePerUnit":"(9,64 €/Kg.)","imgUrl":"https://s1.dia.es/medias/h82/h8f/9662445158430.jpg"},{"title":"CHIQUILIN galletas energy a cucharadas caja 350 gr","price":"2,30 €","pricePerUnit":"(6,57 €/Kg.)","imgUrl":"https://s0.dia.es/medias/h22/h70/9667606183966.jpg"},{"title":"CUETARA Tosta rica galletas cacao caja 570 gr","price":"2,77 €","pricePerUnit":"(4,86 €/Kg.)","imgUrl":"https://s2.dia.es/medias/hf7/he4/9668392058910.jpg"},{"title":"CUETARA Tosta rica galletas caja 860 gr","price":"2,79 €","pricePerUnit":"(3,24 €/Kg.)","imgUrl":"https://s1.dia.es/medias/h2e/hff/9667589963806.jpg"},{"title":"CUETARA Tosta rica oceanix galletas con pepitas de chocolate caja 480 gr","price":"3,10 €","pricePerUnit":"(6,46 €/Kg.)","imgUrl":"https://s2.dia.es/medias/h15/h0b/9662449745950.jpg"},{"title":"DIA galletas mini totters animals con 5 cereales y chocolate bolsa 350 gr","price":"0,93 €","pricePerUnit":"(2,66 €/Kg.)","imgUrl":"https://s0.dia.es/medias/h48/hfa/9615945793566.jpg"},{"title":"DIA galletas tostaditas paquete 600 gr","price":"1,43 €","pricePerUnit":"(2,38 €/Kg.)","imgUrl":"https://s2.dia.es/medias/he0/h1d/8957662560286.png"},{"title":"DIA mini galletas animals bolsa 350 gr","price":"0,97 €","pricePerUnit":"(2,77 €/Kg.)","imgUrl":"https://s3.dia.es/medias/h3a/h69/9656233230366.jpg"},{"title":"FONTANEDA OSITO LULU bizcocho rellenas de chocolate paquete 150 gr","price":"1,88 €","pricePerUnit":"(12,53 €/Kg.)","imgUrl":"https://s1.dia.es/medias/hda/h94/9368559943710.jpg"},{"title":"GULLON galletas dibus sharkies cacao SIN GLUTEN caja 250 gr","price":"2,00 €","pricePerUnit":"(8,00 €/Kg.)","imgUrl":"https://s1.dia.es/medias/h9f/h3b/9675351621662.jpg"},{"title":"LU PRINCIPE Estrellas galletas rellenas de chocolate con leche paquete 225g","price":"1,97 €","pricePerUnit":"(8,76 €/Kg.)","imgUrl":"https://s0.dia.es/medias/h0e/hfb/9568444252190.jpg"},{"title":"LU PRINCIPE Estrellas, galletas rellenas de chocolate blanco paquete 225 grs","price":"1,97 €","pricePerUnit":"(8,76 €/Kg.)","imgUrl":"https://s3.dia.es/medias/h26/he5/9282319548446.jpg"}]},"digestive":{"categoryUrl":"/compra-online/productos/desayuno-dulces-y-pan/galletas/digestive/c/WEB.004.039.00683","products":[{"title":"DIA galleta digestive soja fruta caja 800 grs","price":"2,45 €","pricePerUnit":"(3,06 €/Kg.)","imgUrl":"https://s3.dia.es/medias/hfe/hbc/9118224121886.jpg"},{"title":"DIA galletas digestive paquete 800 gr","price":"1,55 €","pricePerUnit":"(1,94 €/Kg.)","imgUrl":"https://s3.dia.es/medias/h4b/hd7/9093445484574.jpg"},{"title":"DIA galletas tipo Digestive avena paquete  425 grs","price":"1,10 €","pricePerUnit":"(2,59 €/Kg.)","imgUrl":"https://s2.dia.es/medias/h8c/h58/9093432311838.jpg"},{"title":"DIA galletas tipo Digestive con chocolate paquete 300 grs","price":"1,00 €","pricePerUnit":"(3,33 €/Kg.)","imgUrl":"https://s3.dia.es/medias/hd2/h2b/8821885599774.png"},{"title":"FONTANEDA galleta digestive avena paquete 550 gr","price":"3,05 €","pricePerUnit":"(5,55 €/Kg.)","imgUrl":"https://s0.dia.es/medias/h1c/h37/9553382604830.jpg"},{"title":"FONTANEDA galleta digestive chocolate con leche 300 grs","price":"2,99 €","pricePerUnit":"(9,97 €/Kg.)","imgUrl":"https://s1.dia.es/medias/h39/h25/9553372119070.jpg"},{"title":"FONTANEDA galleta digestive paquete 700 gr","price":"3,05 €","pricePerUnit":"(4,36 €/Kg.)","imgUrl":"https://s0.dia.es/medias/h8b/hdc/9553377034270.jpg"},{"title":"GULLON diet nature galleta digestive s/azúcar paquete 400 grs","price":"1,95 €","pricePerUnit":"(4,88 €/Kg.)","imgUrl":"https://s1.dia.es/medias/h0e/h36/9675418730526.jpg"},{"title":"GULLON galleta digestive avena chocolate paquete 425 grs","price":"1,51 €","pricePerUnit":"(3,55 €/Kg.)","imgUrl":"https://s0.dia.es/medias/hef/h6f/9675360600094.jpg"},{"title":"GULLON galleta digestive muesli paquete 365 grs","price":"1,51 €","pricePerUnit":"(4,14 €/Kg.)","imgUrl":"https://s1.dia.es/medias/h25/h2d/9675423809566.jpg"},{"title":"GULLON galletas digestive SIN GLUTEN paquete 150 gr","price":"2,25 €","pricePerUnit":"(15,00 €/Kg.)","imgUrl":"https://s2.dia.es/medias/h9e/h2a/9675350966302.jpg"},{"title":"MC VITIÉS galletas digestive  integrales caja 400 grs","price":"2,05 €","pricePerUnit":"(5,12 €/Kg.)","imgUrl":"https://s3.dia.es/medias/h77/h9e/9496755732510.jpg"}]},"maria":{"categoryUrl":"/compra-online/productos/desayuno-dulces-y-pan/galletas/maria/c/WEB.004.039.00287","products":[{"title":"ARTIACH Marbú dorada caja 1 Kg","price":"3,12 €","pricePerUnit":"(3,12 €/Kg.)","imgUrl":"https://s3.dia.es/medias/h13/h26/9668449599518.jpg"},{"title":"CUETARA galleta hojaldrada caja 600 gr","price":"1,65 €","pricePerUnit":"(2,75 €/Kg.)","imgUrl":"https://s3.dia.es/medias/hca/hb6/9592287920158.jpg"},{"title":"CUETARA galletas maría oro paquete 800 gr","price":"2,49 €","pricePerUnit":"(3,11 €/Kg.)","imgUrl":"https://s1.dia.es/medias/hc5/h0a/9382669090846.jpg"},{"title":"DIA galleta maría dorada paquete 4 x 200 gr","price":"0,99 €","pricePerUnit":"(1,24 €/Kg.)","imgUrl":"https://s1.dia.es/medias/h9a/he8/9093436309534.jpg"},{"title":"DIA galleta maría original paquete 4 x 200 gr","price":"0,99 €","pricePerUnit":"(1,24 €/Kg.)","imgUrl":"https://s1.dia.es/medias/h20/ha7/9093435260958.jpg"},{"title":"DIA galletas tradicionales artesanas caja 500 gr","price":"1,14 €","pricePerUnit":"(2,28 €/Kg.)","imgUrl":"https://s0.dia.es/medias/h16/h77/8823977213982.png"},{"title":"FLORA galleta maría dorada caja 400 gr","price":"1,35 €","pricePerUnit":"(3,38 €/Kg.)","imgUrl":"https://s1.dia.es/medias/h80/ha7/9513274933278.jpg"},{"title":"FONTANEDA La buena maría galletas de desayuno caja 800 gr","price":"2,06 €","pricePerUnit":"(2,58 €/Kg.)","imgUrl":"https://s3.dia.es/medias/hc7/hed/9353024143390.jpg"},{"title":"GULLON galleta maría SIN GLUTEN caja 400 gr","price":"2,20 €","pricePerUnit":"(5,50 €/Kg.)","imgUrl":"https://s0.dia.es/medias/hce/h26/9675415453726.jpg"}]},"rellenas":{"categoryUrl":"/compra-online/productos/desayuno-dulces-y-pan/galletas/rellenas/c/WEB.004.039.00289","products":[{"title":"CASINO BIO tartaletas rellenas de chocolate negro caja 125 gr","price":"1,69 €","pricePerUnit":"(13,52 €/Kg.)","imgUrl":"https://s1.dia.es/medias/h87/hd4/9327512485918.jpg"},{"title":"CASINO BIO tartaletas rellenas de frambuesa caja 125 gr","price":"1,69 €","pricePerUnit":"(13,52 €/Kg.)","imgUrl":"https://s2.dia.es/medias/h03/he0/9327505604638.jpg"},{"title":"CUETARA bocaditos sabor lmón paquete 150 gr","price":"1,00 €","pricePerUnit":"(6,67 €/Kg.)","imgUrl":"https://s1.dia.es/medias/hb4/h86/9528928272414.jpg"},{"title":"CUETARA Chocoflakes caja 550 grs","price":"2,55 €","pricePerUnit":"(4,64 €/Kg.)","imgUrl":"https://s0.dia.es/medias/h30/h27/9667581280286.jpg"},{"title":"CUETARA TostaRica Choco Guay galletas rellenas de chocolate y crema caja 168 gr","price":"1,55 €","pricePerUnit":"(9,23 €/Kg.)","imgUrl":"https://s2.dia.es/medias/h78/hc1/9589926428702.jpg"},{"title":"DIA barquillo relleno de nata paquete 240 gr","price":"0,79 €","pricePerUnit":"(3,29 €/Kg.)","imgUrl":"https://s1.dia.es/medias/h1b/hf7/9114671185950.jpg"},{"title":"DIA galleta de cacao rellena de crema de leche bañada en chocolate paquete","price":"1,35 €","pricePerUnit":"(5,36 €/Kg.)","imgUrl":"https://s1.dia.es/medias/ha1/h51/9081014419486.jpg"},{"title":"DIA galleta rellena de chocolate pack 3 unidades 250 gr","price":"1,68 €","pricePerUnit":"(2,24 €/Kg.)","imgUrl":"https://s1.dia.es/medias/h4f/hd2/8823662641182.png"},{"title":"DIA galleta rellena de crema de chocolate paquete 500 gr","price":"0,89 €","pricePerUnit":"(1,78 €/Kg.)","imgUrl":"https://s0.dia.es/medias/h1d/h51/8984105451550.jpg"},{"title":"DIA galletas cookies rellenas de chocolate negro paquete 200 gr","price":"1,55 €","pricePerUnit":"(7,75 €/Kg.)","imgUrl":"https://s3.dia.es/medias/h64/h82/9118274322462.jpg"},{"title":"DIA galletas de chocolate rellenas de crema caja 220 gr","price":"0,75 €","pricePerUnit":"(3,41 €/Kg.)","imgUrl":"https://s3.dia.es/medias/h81/he4/9114706640926.jpg"},{"title":"DIA mini galletas rellenas de chocolate chops choc caja 160 gr","price":"1,00 €","pricePerUnit":"(6,25 €/Kg.)","imgUrl":"https://s1.dia.es/medias/h69/h8d/9326289354782.jpg"},{"title":"DR. SCHAR galletas rellenas de chocolate sorrisi SIN GLUTEN paquete 250 gr","price":"3,05 €","pricePerUnit":"(12,20 €/Kg.)","imgUrl":"https://s0.dia.es/medias/h35/h97/9552047669278.jpg"},{"title":"DR. SCHAR galletas rellenas mini sorrisi SIN GLUTEN paquete 100 gr","price":"1,51 €","pricePerUnit":"(15,10 €/Kg.)","imgUrl":"https://s0.dia.es/medias/h66/h8a/9552037838878.jpg"},{"title":"GULLON Vitalday galleta sandwich avena con yogur y frutos rojos caja 220gr","price":"1,75 €","pricePerUnit":"(7,95 €/Kg.)","imgUrl":"https://s1.dia.es/medias/hd6/h87/9675410866206.jpg"},{"title":"LU PRINCIPE galleta rellena de chocolate paquete 300 gr","price":"1,69 €","pricePerUnit":"(5,63 €/Kg.)","imgUrl":"https://s2.dia.es/medias/h67/h73/9568182501406.jpg"},{"title":"LU PRINCIPE galletas rellenas de crema de chocolate pack 3 x 300 gr","price":"4,71 €","pricePerUnit":"(5,23 €/Kg.)","imgUrl":"https://s2.dia.es/medias/h4b/h85/9673739239454.jpg"},{"title":"LU PRINCIPE Maxi Choc galletas rellenas de chocolate paquete 250 grs","price":"1,69 €","pricePerUnit":"(6,76 €/Kg.)","imgUrl":"https://s2.dia.es/medias/h86/h0c/9548152799262.jpg"},{"title":"LU PRINCIPE Maxi choc galletas rellenas de crema chocolate pack 3 x 250 gr","price":"4,71 €","pricePerUnit":"(6,28 €/Kg.)","imgUrl":"https://s0.dia.es/medias/h2c/hb4/9548150505502.jpg"},{"title":"LU PRINCIPE mini galletas rellenas de chocolate pack 4 bolsitas paquete 160","price":"1,45 €","pricePerUnit":"(9,06 €/Kg.)","imgUrl":"https://s3.dia.es/medias/hfa/ha3/9568497139742.jpg"},{"title":"MILKA Sensations galleta rellena de chocolate paquete 156 gr","price":"1,99 €","pricePerUnit":"(12,76 €/Kg.)","imgUrl":"https://s3.dia.es/medias/ha8/h82/9551228338206.jpg"},{"title":"OREO galleta doble crema paquete 185 gr","price":"1,48 €","pricePerUnit":"(8,00 €/Kg.)","imgUrl":"https://s1.dia.es/medias/h56/hec/9550751629342.jpg"},{"title":"OREO galleta golden paquete 154 gr","price":"1,06 €","pricePerUnit":"(6,88 €/Kg.)","imgUrl":"https://s0.dia.es/medias/hc2/h4a/9568096976926.jpg"},{"title":"OREO galleta original paquete 154 gr","price":"0,98 €","pricePerUnit":"(6,36 €/Kg.)","imgUrl":"https://s2.dia.es/medias/h27/h42/9568348700702.jpg"},{"title":"OREO galletas bañadas en chocolate blanco caja 6 uds 246 gr","price":"2,09 €","pricePerUnit":"(8,50 €/Kg.)","imgUrl":"https://s2.dia.es/medias/hf2/h1d/9579605983262.jpg"},{"title":"OREO galletas de chocolate rellenas de crema caja 10 uds 440 gr","price":"3,30 €","pricePerUnit":"(7,50 €/Kg.)","imgUrl":"https://s1.dia.es/medias/hd2/haf/9591316906014.jpg"},{"title":"OREO galletas finas de chocolate rellenas de crema caja 192 gr","price":"1,99 €","pricePerUnit":"(10,36 €/Kg.)","imgUrl":"https://s3.dia.es/medias/h63/h67/9556748042270.jpg"},{"title":"OREO mini galletas de chocolate rellenas de crema caja 160 gr","price":"1,45 €","pricePerUnit":"(9,06 €/Kg.)","imgUrl":"https://s0.dia.es/medias/h63/h77/9550700707870.jpg"}]},"salud":{"categoryUrl":"/compra-online/productos/desayuno-dulces-y-pan/galletas/salud/c/WEB.004.039.00290","products":[{"title":"ARTIACH Marbú doradas 0% azúcares caja 400 gr","price":"2,19 €","pricePerUnit":"(5,48 €/Kg.)","imgUrl":"https://s2.dia.es/medias/h4e/h03/9668456185886.jpg"},{"title":"CUETARA Tosta rica galletas fibra caja 860 gr","price":"2,55 €","pricePerUnit":"(2,97 €/Kg.)","imgUrl":"https://s3.dia.es/medias/hbe/hc6/9678777483294.jpg"},{"title":"DIA VITAL cookies paquete 185 gr","price":"1,21 €","pricePerUnit":"(6,54 €/Kg.)","imgUrl":"https://s1.dia.es/medias/h49/h9c/8977094213662.jpg"},{"title":"DIA VITAL galleta desayuno integral sin azúcar bolsa 350 gr","price":"1,63 €","pricePerUnit":"(4,66 €/Kg.)","imgUrl":"https://s0.dia.es/medias/hb4/hb8/8969151610910.jpg"},{"title":"DIA VITAL galletas maría fibra integral paquete 800 gr","price":"1,14 €","pricePerUnit":"(1,42 €/Kg.)","imgUrl":"https://s1.dia.es/medias/h7c/h13/9118313840670.jpg"},{"title":"DIA VITAL snack bañado en chocolate blanco multivitaminado caja 200 gr","price":"3,00 €","pricePerUnit":"(15,00 €/Kg.)","imgUrl":"https://s3.dia.es/medias/h4b/h7d/9118184800286.jpg"},{"title":"DIA VITAL snack bañado en chocolate con leche multivitaminado caja 200 gr","price":"2,36 €","pricePerUnit":"(11,80 €/Kg.)","imgUrl":"https://s0.dia.es/medias/he4/hbc/9118316134430.jpg"},{"title":"FLORA galletas fibra estuche 185 grs","price":"1,12 €","pricePerUnit":"(6,05 €/Kg.)","imgUrl":"https://s3.dia.es/medias/hcd/h88/9513251602462.jpg"},{"title":"FONTANEDA galletas marielu integrales paquete 520 gr","price":"2,30 €","pricePerUnit":"(4,42 €/Kg.)","imgUrl":"https://s1.dia.es/medias/h9f/h76/9535923453982.jpg"},{"title":"GULLON Diet - Fibra galletas sin azúcar estuche 240 grs","price":"1,33 €","pricePerUnit":"(5,54 €/Kg.)","imgUrl":"https://s1.dia.es/medias/hd6/he0/9675423154206.jpg"},{"title":"GULLON Diet Nature barquillo de chocolate sin azúcar paquete 210 grs","price":"1,49 €","pricePerUnit":"(7,10 €/Kg.)","imgUrl":"https://s3.dia.es/medias/hab/h83/9675412176926.jpg"},{"title":"GULLON DIET NATURE doradas al horno sin azúcar caja 330 grs","price":"2,52 €","pricePerUnit":"(7,64 €/Kg.)","imgUrl":"https://s2.dia.es/medias/h9b/hb9/9675421024286.jpg"},{"title":"GULLON Diet Nature fibra sin azúcar paquete 170 grs","price":"1,49 €","pricePerUnit":"(8,76 €/Kg.)","imgUrl":"https://s2.dia.es/medias/h34/he8/9675421351966.jpg"},{"title":"GULLON Diet Nature galleta maría estuche 400 grs","price":"1,91 €","pricePerUnit":"(4,77 €/Kg.)","imgUrl":"https://s2.dia.es/medias/h68/he0/9675419713566.jpg"},{"title":"GULLON DIET NATURE galleta sandwich chocolate paquete 250 gr","price":"1,49 €","pricePerUnit":"(5,96 €/Kg.)","imgUrl":"https://s3.dia.es/medias/h7e/h87/9675408244766.jpg"},{"title":"GULLON Diet Nature galletas con pepitas de chocolate paquete 125 grs","price":"1,49 €","pricePerUnit":"(11,92 €/Kg.)","imgUrl":"https://s0.dia.es/medias/hb3/h27/9675424464926.jpg"},{"title":"GULLON Diet nature galletas tostadas sin azúcares caja 400 gr","price":"1,89 €","pricePerUnit":"(4,73 €/Kg.)","imgUrl":"https://s1.dia.es/medias/h2d/hea/9675409227806.jpg"},{"title":"GULLON Diet nature sandwich de cacao con crema caja 210 gr","price":"1,90 €","pricePerUnit":"(9,05 €/Kg.)","imgUrl":"https://s3.dia.es/medias/hc4/hc7/9675405623326.jpg"},{"title":"GULLON galleta ligera sin sal y sin azúcar paquete 200 gr","price":"0,85 €","pricePerUnit":"(4,25 €/Kg.)","imgUrl":"https://s0.dia.es/medias/he9/h2e/9675356536862.jpg"},{"title":"GULLON galletas active integral caja 400 gr","price":"2,52 €","pricePerUnit":"(3,00 €/Kg.)","imgUrl":"https://s1.dia.es/medias/h3b/he6/9675417419806.jpg"},{"title":"GULLON galletas María ligera sin sal y sin azúcar caja 600 grs","price":"2,57 €","pricePerUnit":"(4,28 €/Kg.)","imgUrl":"https://s0.dia.es/medias/ha4/h85/9675418402846.jpg"},{"title":"GULLON María integral caja 600 grs","price":"2,19 €","pricePerUnit":"(3,65 €/Kg.)","imgUrl":"https://s0.dia.es/medias/h9b/h25/9675422498846.jpg"},{"title":"GULLON Vitalday galleta sandwich avellana con avena y chocolate caja 220 gr","price":"1,75 €","pricePerUnit":"(7,95 €/Kg.)","imgUrl":"https://s3.dia.es/medias/h3a/h7d/9675344216094.jpg"},{"title":"GULLON Vitalday galleta sandwich avena con yogur y frutos rojos caja 220gr","price":"1,75 €","pricePerUnit":"(7,95 €/Kg.)","imgUrl":"https://s1.dia.es/medias/hd6/h87/9675410866206.jpg"},{"title":"GULLON Vitalday galletas crocant chocolate integral copos de avena 280 gr","price":"1,49 €","pricePerUnit":"(5,32 €/Kg.)","imgUrl":"https://s0.dia.es/medias/h69/h53/9675348279326.jpg"},{"title":"GULLON Vitalday galletas crocant original con copos de avena paquete 265 gr","price":"1,35 €","pricePerUnit":"(5,09 €/Kg.)","imgUrl":"https://s3.dia.es/medias/h66/h4f/9675348607006.jpg"},{"title":"GULLÓN Diet Nature galleta desayuno con cereales  sin azúcares caja 216 gr","price":"1,99 €","pricePerUnit":"(9,21 €/Kg.)","imgUrl":"https://s0.dia.es/medias/h9a/hd1/9675412832286.jpg"},{"title":"GULLÓN Diet Nature galleta sandwich sabor yogurt sin azúcares paquete 220 gr","price":"1,99 €","pricePerUnit":"(9,05 €/Kg.)","imgUrl":"https://s0.dia.es/medias/h8c/h83/9675416436766.jpg"}]},"surtidas-y-pastas-de-te":{"categoryUrl":"/compra-online/productos/desayuno-dulces-y-pan/galletas/surtidas-y-pastas-de-te/c/WEB.004.039.00291","products":[{"title":"CASINO BIO pastas de almendra con limón caja 200 gr","price":"1,90 €","pricePerUnit":"(9,50 €/Kg.)","imgUrl":"https://s2.dia.es/medias/hc1/hb0/9327486697502.jpg"},{"title":"CUETARA surtido de galletas caja 420 gr","price":"3,69 €","pricePerUnit":"(8,79 €/Kg.)","imgUrl":"https://s3.dia.es/medias/h3f/h61/9672888582174.jpg"},{"title":"DIA DELICIOUS surtido de galletas caja 500 gr","price":"3,40 €","pricePerUnit":"(6,80 €/Kg.)","imgUrl":"https://s1.dia.es/medias/hc3/h1b/8828629057566.png"},{"title":"DIA pastas de té estuche 400 grs","price":"1,38 €","pricePerUnit":"(3,58 €/Kg.)","imgUrl":"https://s0.dia.es/medias/haf/hec/8822459432990.png"},{"title":"Dulce tradición pastas de té caja 450 gr","price":"4,99 €","pricePerUnit":"(11,09 €/Kg.)","imgUrl":"https://s1.dia.es/medias/hee/hc2/9371348041758.jpg"},{"title":"FLOR BURGALESA surtido de galletas integrales bolsa 420 gr","price":"2,59 €","pricePerUnit":"(6,17 €/Kg.)","imgUrl":"https://s3.dia.es/medias/hff/h82/8904929476638.jpg"},{"title":"REGLERO pastas artesanas estuche 400 grs","price":"3,45 €","pricePerUnit":"(8,63 €/Kg.)","imgUrl":"https://s0.dia.es/medias/h0a/h02/8833718485022.png"}]}},"infusiones":{"name":"Infusiones","productTypes":["manzanilla","menta-poleo","te","terapeuticas","tila","otras-infusiones"],"manzanilla":{"categoryUrl":"/compra-online/productos/desayuno-dulces-y-pan/infusiones/manzanilla/c/WEB.004.040.00292","products":[{"title":"CASA FEMAFA manzanilla dulce bolsa 30 gr","price":"0,99 €","pricePerUnit":"(33,00 €/Kg.)","imgUrl":"https://s3.dia.es/medias/h86/h09/8956495069214.png"},{"title":"DIA manzanilla con anís estuche 40 bolsitas","price":"1,01 €","pricePerUnit":"(1,01 €/ud.)","imgUrl":"https://s3.dia.es/medias/hd8/hd9/9565264347166.jpg"},{"title":"HORNIMANS infusión manzanilla con anís estuche 25 bolsitas","price":"1,65 €","pricePerUnit":"(0,07 €/ud.)","imgUrl":"https://s3.dia.es/medias/h47/h9d/8992651542558.jpg"},{"title":"HORNIMANS infusión manzanilla estuche 40 bolsitas","price":"2,39 €","pricePerUnit":"(0,06 €/ud.)","imgUrl":"https://s0.dia.es/medias/h17/he3/9162305175582.jpg"},{"title":"POMPADOUR infusión manzanilla estuche 25 bolsitas","price":"1,59 €","pricePerUnit":"(0,06 €/ud.)","imgUrl":"https://s2.dia.es/medias/heb/haf/8955003764766.png"}]},"menta-poleo":{"categoryUrl":"/compra-online/productos/desayuno-dulces-y-pan/infusiones/menta-poleo/c/WEB.004.040.00293","products":[{"title":"HORNIMANS infusión menta poleo estuche 40 bolsitas","price":"2,39 €","pricePerUnit":"(0,06 €/ud.)","imgUrl":"https://s1.dia.es/medias/hb9/h6a/9162248159262.jpg"},{"title":"POMPADOUR infusión poleo-menta estuche 25 bolsitas","price":"1,75 €","pricePerUnit":"(0,07 €/ud.)","imgUrl":"https://s1.dia.es/medias/hfe/haf/9102900625438.jpg"}]},"te":{"categoryUrl":"/compra-online/productos/desayuno-dulces-y-pan/infusiones/te/c/WEB.004.040.00294","products":[{"title":"CASA FEMAFA té verde bolsa 80 gr","price":"1,59 €","pricePerUnit":"(19,88 €/Kg.)","imgUrl":"https://s3.dia.es/medias/h39/hb9/8956666445854.png"},{"title":"CASINO BIO té verde con menta estuche 20 bolsitas","price":"1,25 €","pricePerUnit":"(34,72 €/Kg.)","imgUrl":"https://s0.dia.es/medias/hdf/hd8/9328749838366.jpg"},{"title":"DIA DELICIOUS té earl grey lata 100 gr","price":"4,19 €","pricePerUnit":"(41,90 €/Kg.)","imgUrl":"https://s2.dia.es/medias/hae/h97/8980665597982.jpg"},{"title":"DIA DELICIOUS té english breakfast lata 100 gr","price":"4,19 €","pricePerUnit":"(41,90 €/Kg.)","imgUrl":"https://s2.dia.es/medias/hc7/h62/8980703019038.jpg"},{"title":"DIA DELICIOUS té verde con hierbabuena lata 100 gr","price":"4,19 €","pricePerUnit":"(41,90 €/Kg.)","imgUrl":"https://s0.dia.es/medias/h8a/h6d/8980684668958.jpg"},{"title":"DIA té negro earl grey estuche 25 bolsitas","price":"1,22 €","pricePerUnit":"(1,22 €/ud.)","imgUrl":"https://s0.dia.es/medias/h50/h1b/9565277061150.jpg"},{"title":"DIA té rojo con un toque de ciruela y anís estuche 25 bolsitas","price":"1,00 €","pricePerUnit":"(22,86 €/Kg.)","imgUrl":"https://s1.dia.es/medias/hc5/h74/9565285122078.jpg"},{"title":"DIA té verde al limón estuche 25 bolsitas","price":"1,52 €","pricePerUnit":"(0,06 €/ud.)","imgUrl":"https://s0.dia.es/medias/h4f/hca/9565272375326.jpg"},{"title":"DIA té verde estuche 25 bolsitas","price":"0,65 €","pricePerUnit":"(0,65 €/ud.)","imgUrl":"https://s3.dia.es/medias/h4d/hb9/9565273030686.jpg"},{"title":"HORNIMANS té clásico estuche 40 bolsitas","price":"2,39 €","pricePerUnit":"(0,06 €/ud.)","imgUrl":"https://s3.dia.es/medias/h31/h23/9248243351582.jpg"},{"title":"HORNIMANS té rojo con anís y un toque de ciruela estuche 20 bolsitas","price":"2,11 €","pricePerUnit":"(0,11 €/ud.)","imgUrl":"https://s0.dia.es/medias/h49/h68/8992692895774.jpg"},{"title":"HORNIMANS té verde al limón estuche 20 bolsitas","price":"2,07 €","pricePerUnit":"(0,10 €/ud.)","imgUrl":"https://s3.dia.es/medias/h43/h17/8992689225758.jpg"},{"title":"HORNIMANS té verde puro estuche 20 uds","price":"2,11 €","pricePerUnit":"(0,11 €/ud.)","imgUrl":"https://s1.dia.es/medias/hf9/hca/8992680706078.jpg"},{"title":"OXFAM té chai con especias bio estuche 20 bolsitas","price":"2,79 €","pricePerUnit":"(0,14 €/ud.)","imgUrl":"https://s1.dia.es/medias/hf1/h77/9498725842974.jpg"},{"title":"OXFAM té verde bio estuche 20 bolsitas","price":"2,49 €","pricePerUnit":"(0,12 €/ud.)","imgUrl":"https://s3.dia.es/medias/h37/h9a/9498693599262.jpg"},{"title":"OXFAM té verde con menta bio estuche 20 bolsitas","price":"2,59 €","pricePerUnit":"(0,13 €/ud.)","imgUrl":"https://s0.dia.es/medias/h9b/h00/9498719879198.jpg"},{"title":"POMPADOUR té gold estuche 20 bolsitas","price":"1,62 €","pricePerUnit":"(0,08 €/ud.)","imgUrl":"https://s0.dia.es/medias/haa/h2f/8904733327390.jpg"},{"title":"POMPADOUR té rooibos con vainilla estuche 20 bolsitas","price":"2,25 €","pricePerUnit":"(0,11 €/ud.)","imgUrl":"https://s0.dia.es/medias/h33/h27/8905103015966.jpg"},{"title":"POMPADOUR té verde con jengibre y naranja estuche 20 bolsitas","price":"2,15 €","pricePerUnit":"(0,11 €/ud.)","imgUrl":"https://s2.dia.es/medias/hee/hc2/8974173405214.jpg"},{"title":"POMPADOUR té verde estuche 25 bolsitas","price":"1,98 €","pricePerUnit":"(0,08 €/ud.)","imgUrl":"https://s2.dia.es/medias/hfd/h64/8929525694494.jpg"},{"title":"TWININGS té classic english breakfast  estuche 25 bolsitas","price":"3,15 €","pricePerUnit":"(0,13 €/ud.)","imgUrl":"https://s1.dia.es/medias/ha2/h08/8902321963038.jpg"},{"title":"TWININGS té earl grey estuche 25 bolsitas","price":"3,15 €","pricePerUnit":"(0,13 €/ud.)","imgUrl":"https://s3.dia.es/medias/h78/hdb/8902320390174.jpg"}]},"terapeuticas":{"categoryUrl":"/compra-online/productos/desayuno-dulces-y-pan/infusiones/terapeuticas/c/WEB.004.040.00295","products":[{"title":"CASA FEMAFA infusión digestiva bolsa 60 gr","price":"1,29 €","pricePerUnit":"(21,50 €/Kg.)","imgUrl":"https://s0.dia.es/medias/h64/hc6/8956455551006.png"},{"title":"CASA FEMAFA infusión relajante bolsa 40 gr","price":"1,29 €","pricePerUnit":"(32,25 €/Kg.)","imgUrl":"https://s3.dia.es/medias/hec/hcb/8956621029406.png"},{"title":"COMPAÑIA DE LAS INDIAS infusion tranquilizante estuche 20 uds","price":"1,85 €","pricePerUnit":"(0,09 €/ud.)","imgUrl":"https://s1.dia.es/medias/h4e/h5c/8835053584414.png"},{"title":"DIA VITAL infusión buenas noches estuche 25 bolsitas","price":"1,25 €","pricePerUnit":"(0,05 €/ud.)","imgUrl":"https://s3.dia.es/medias/h4e/h7f/9118183489566.jpg"},{"title":"DIA VITAL infusión digestiva estuche 25 bolsitas","price":"1,25 €","pricePerUnit":"(0,05 €/ud.)","imgUrl":"https://s2.dia.es/medias/h7e/he7/9141954117662.jpg"},{"title":"DIA VITAL infusión línea estuche 25 bolsitas","price":"1,25 €","pricePerUnit":"(0,05 €/ud.)","imgUrl":"https://s3.dia.es/medias/h34/hf4/9142052749342.jpg"},{"title":"HORNIMANS infu relax estuche 20 uds","price":"2,11 €","pricePerUnit":"(0,11 €/ud.)","imgUrl":"https://s2.dia.es/medias/hf9/h23/8992684310558.jpg"},{"title":"HORNIMANS infu sueños estuche 20 bolsitas","price":"2,11 €","pricePerUnit":"(0,11 €/ud.)","imgUrl":"https://s2.dia.es/medias/he4/h3c/8834814312478.png"},{"title":"HORNIMANS infudren estuche 20 bolsitas","price":"2,11 €","pricePerUnit":"(0,11 €/ud.)","imgUrl":"https://s3.dia.es/medias/hdf/h28/8992672710686.jpg"},{"title":"HORNIMANS te verde estuche 20 uds","price":"2,11 €","pricePerUnit":"(0,11 €/ud.)","imgUrl":"https://s3.dia.es/medias/hd4/h25/8992672055326.jpg"},{"title":"HORNIMANS té silueta estuche 20 bolsitas","price":"2,11 €","pricePerUnit":"(0,11 €/ud.)","imgUrl":"https://s1.dia.es/medias/h29/h62/8992690602014.jpg"},{"title":"POMPADOUR delgaxan plus estuche 20 bolsitas","price":"2,25 €","pricePerUnit":"(0,11 €/ud.)","imgUrl":"https://s0.dia.es/medias/h0a/hc7/8888471355422.png"},{"title":"POMPADOUR infusión cola de caballo estuche 20 bolsitas","price":"2,25 €","pricePerUnit":"(0,11 €/ud.)","imgUrl":"https://s3.dia.es/medias/ha4/h42/9236578107422.jpg"},{"title":"POMPADOUR infusión detox estuche 20 bolsitas","price":"1,75 €","pricePerUnit":"(0,09 €/ud.)","imgUrl":"https://s2.dia.es/medias/h6b/h16/8904584429598.jpg"},{"title":"POMPADOUR infusión digestive plus estuche 20 bolsitas","price":"2,25 €","pricePerUnit":"(0,11 €/ud.)","imgUrl":"https://s2.dia.es/medias/h2f/h02/9150511939614.jpg"},{"title":"POMPADOUR infusión duerme bien plus estuche 20 bolsitas","price":"2,25 €","pricePerUnit":"(0,11 €/ud.)","imgUrl":"https://s3.dia.es/medias/h6a/he1/9152130744350.jpg"},{"title":"SUSARON laxsana sabor ciruela estuche 20 bolsitas","price":"2,25 €","pricePerUnit":"(0,11 €/ud.)","imgUrl":"https://s3.dia.es/medias/hfa/h4d/9562497875998.jpg"}]},"tila":{"categoryUrl":"/compra-online/productos/desayuno-dulces-y-pan/infusiones/tila/c/WEB.004.040.00296","products":[{"title":"HORNIMANS infusión tila estuche 40 bolsitas","price":"2,39 €","pricePerUnit":"(0,06 €/ud.)","imgUrl":"https://s2.dia.es/medias/h1d/ha6/9162333028382.jpg"},{"title":"POMPADOUR infusión tila estuche 25 bolsitas","price":"1,59 €","pricePerUnit":"(0,06 €/ud.)","imgUrl":"https://s3.dia.es/medias/hf5/h66/8954949369886.png"}]},"otras-infusiones":{"categoryUrl":"/compra-online/productos/desayuno-dulces-y-pan/infusiones/otras-infusiones/c/WEB.004.040.00297","products":[{"title":"CASINO BIO infusión verbena con menta estuche 20 bolsitas","price":"1,25 €","pricePerUnit":"(41,67 €/Kg.)","imgUrl":"https://s0.dia.es/medias/hda/h01/9328764256286.jpg"},{"title":"DIA DELICIOUS infusión frutos del bosque lata 100 gr","price":"4,01 €","pricePerUnit":"(40,10 €/Kg.)","imgUrl":"https://s3.dia.es/medias/h72/h9e/8823694622750.png"},{"title":"DIA DELICIOUS infusión rooibos vainilla lata 100 gr","price":"4,01 €","pricePerUnit":"(40,10 €/Kg.)","imgUrl":"https://s3.dia.es/medias/he4/h3f/8823823597598.png"},{"title":"DIA infusión de jengibre y limón estuche 25 bolsitas","price":"1,29 €","pricePerUnit":"(0,05 €/ud.)","imgUrl":"https://s2.dia.es/medias/hb4/h79/9565261398046.jpg"},{"title":"HORNIMANS infusión frutal frambuesa rooibos estuche 20 bolsitas","price":"2,11 €","pricePerUnit":"(0,11 €/ud.)","imgUrl":"https://s0.dia.es/medias/hc1/h29/8992672383006.jpg"},{"title":"POMPADOUR infusión jengibre con limón estuche 20 bolsitas","price":"2,15 €","pricePerUnit":"(0,11 €/ud.)","imgUrl":"https://s1.dia.es/medias/he2/h74/9606360760350.jpg"},{"title":"POMPADOUR valeriana estuche 20 bolsitas","price":"1,75 €","pricePerUnit":"(0,09 €/ud.)","imgUrl":"https://s3.dia.es/medias/had/h2d/8862836457502.jpg"}]}},"pan":{"name":"Pan","productTypes":["pan-fresco","pan-de-molde-blanco","pan-de-molde-integral","pan-de-molde-para-bocadillos","pan-para-hornear","pan-rallado","barritas-y-panecillos-tostados","biscotes-y-pan-tostado","pan-aperitivo","colines-picos-y-rosquillas","picatostes","crackers-y-tartaletas"],"pan-fresco":{"categoryUrl":"/compra-online/productos/desayuno-dulces-y-pan/pan/pan-fresco/c/WEB.004.041.00303","products":[{"title":"Baguette 250 gr","price":"0,39 €","pricePerUnit":"(1,56 €/Kg.)","imgUrl":"https://s0.dia.es/medias/h6f/he4/8835489529886.png"},{"title":"Baguette integral 200 gr","price":"0,45 €","pricePerUnit":"(2,25 €/Kg.)","imgUrl":"https://s1.dia.es/medias/h4f/hce/9403299037214.jpg"},{"title":"Barra de pan artesana gallega 250 gr","price":"0,59 €","pricePerUnit":"(2,36 €/Kg.)","imgUrl":"https://s0.dia.es/medias/h1d/h2b/9637834358814.jpg"},{"title":"Barra de pan chapata 400 gr","price":"0,90 €","pricePerUnit":"(2,25 €/Kg.)","imgUrl":"https://s0.dia.es/medias/hd9/h17/8833040547870.png"},{"title":"Barra de pan de picos 260 gr","price":"0,75 €","pricePerUnit":"(2,88 €/Kg.)","imgUrl":"https://s3.dia.es/medias/hf5/hd0/9263115239454.jpg"},{"title":"Barra de pan integral 220 gr","price":"0,59 €","pricePerUnit":"(2,68 €/Kg.)","imgUrl":"https://s3.dia.es/medias/hf5/hdb/9639192330270.jpg"},{"title":"Barra de pan rústica 275 gr","price":"0,59 €","pricePerUnit":"(2,15 €/Kg.)","imgUrl":"https://s0.dia.es/medias/h58/h24/8834602631198.png"},{"title":"Hogaza montañesa barra 435 gr","price":"1,50 €","pricePerUnit":"(3,45 €/Kg.)","imgUrl":"https://s3.dia.es/medias/h41/h74/9618997903390.jpg"},{"title":"Hogaza multigrano barra 400 gr","price":"1,85 €","pricePerUnit":"(4,63 €/Kg.)","imgUrl":"https://s1.dia.es/medias/h1c/hbc/9210125352990.jpg"},{"title":"Pan 8 cereales barra 210 gr","price":"0,69 €","pricePerUnit":"(3,29 €/Kg.)","imgUrl":"https://s2.dia.es/medias/h89/h87/9210137542686.jpg"},{"title":"Pan candeal grande 500 gr","price":"1,00 €","pricePerUnit":"(2,00 €/Kg.)","imgUrl":"https://s1.dia.es/medias/hab/hdd/9263110324254.jpg"},{"title":"Pan picado andaluz barra 130 gr","price":"0,25 €","pricePerUnit":"(1,92 €/Kg.)","imgUrl":"https://s1.dia.es/medias/hf9/he5/9512975171614.jpg"}]},"pan-de-molde-blanco":{"categoryUrl":"/compra-online/productos/desayuno-dulces-y-pan/pan/pan-de-molde-blanco/c/WEB.004.041.00305","products":[{"title":"BIMBO pan de molde artesano bolsa 550 gr","price":"2,29 €","pricePerUnit":"(4,16 €/Kg.)","imgUrl":"https://s3.dia.es/medias/hbe/hfa/9552033251358.jpg"},{"title":"BIMBO pan de molde blanco grande bolsa 420 gr","price":"1,00 €","pricePerUnit":"(2,67 €/Kg.)","imgUrl":"https://s0.dia.es/medias/h1d/hda/9552068050974.jpg"},{"title":"BIMBO pan de molde blanco sin corteza bolsa 450 gr","price":"1,99 €","pricePerUnit":"(4,42 €/Kg.)","imgUrl":"https://s2.dia.es/medias/h94/h9b/9551985344542.jpg"},{"title":"BIMBO pan de molde corteza blanca bolsa 450gr","price":"1,89 €","pricePerUnit":"(4,20 €/Kg.)","imgUrl":"https://s2.dia.es/medias/hfe/h4b/9551985016862.jpg"},{"title":"BIMBO pan de molde formato familiar bolsa 750 gr","price":"1,79 €","pricePerUnit":"(2,56 €/Kg.)","imgUrl":"https://s2.dia.es/medias/hba/h92/9551991963678.jpg"},{"title":"BIMBO pan de molde natural 100% bolsa 460 gr","price":"1,89 €","pricePerUnit":"(4,11 €/Kg.)","imgUrl":"https://s1.dia.es/medias/h64/h54/9061752766494.jpg"},{"title":"BIMBO pan de molde rebanada gruesa bolsa 750 gr","price":"1,89 €","pricePerUnit":"(2,52 €/Kg.)","imgUrl":"https://s1.dia.es/medias/hf8/hae/8898102591518.jpg"},{"title":"DIA pan de molde blanco bolsa 600 gr","price":"0,76 €","pricePerUnit":"(1,27 €/Kg.)","imgUrl":"https://s3.dia.es/medias/h5b/h90/9270278651934.jpg"},{"title":"DIA pan de molde blanco sin corteza bolsa 450 gr","price":"1,09 €","pricePerUnit":"(2,42 €/Kg.)","imgUrl":"https://s2.dia.es/medias/h9b/h6a/9370309296158.jpg"},{"title":"DIA pan de molde formato familiar bolsa 820gr","price":"0,95 €","pricePerUnit":"(1,16 €/Kg.)","imgUrl":"https://s2.dia.es/medias/he8/hca/9357348536350.jpg"},{"title":"DIA pan de molde rústico bolsa 600 gr","price":"1,44 €","pricePerUnit":"(2,40 €/Kg.)","imgUrl":"https://s0.dia.es/medias/h2b/h32/9270278324254.jpg"},{"title":"DIA pan de molde tostadas bolsa 700 gr","price":"0,95 €","pricePerUnit":"(1,36 €/Kg.)","imgUrl":"https://s2.dia.es/medias/h0d/h91/9364579057694.jpg"},{"title":"DR. SCHAR pan de molde clásico SIN GLUTEN bolsa 300 gr","price":"2,65 €","pricePerUnit":"(8,83 €/Kg.)","imgUrl":"https://s0.dia.es/medias/h17/h16/9552000155678.jpg"},{"title":"ORTIZ pan de molde blanco bolsa 420 gr","price":"1,00 €","pricePerUnit":"(2,38 €/Kg.)","imgUrl":"https://s1.dia.es/medias/hf2/hd0/8846784888862.png"},{"title":"Pan de pueblo rebanado bolsa 550 gr","price":"1,20 €","pricePerUnit":"(2,18 €/Kg.)","imgUrl":"https://s2.dia.es/medias/h9f/h17/8834302869534.png"},{"title":"PANRICO pan de molde blanco sin corteza bolsa 450 gr","price":"2,09 €","pricePerUnit":"(4,64 €/Kg.)","imgUrl":"https://s1.dia.es/medias/hd3/h30/9672877375518.jpg"}]},"pan-de-molde-integral":{"categoryUrl":"/compra-online/productos/desayuno-dulces-y-pan/pan/pan-de-molde-integral/c/WEB.004.041.00306","products":[{"title":"BIMBO pan de molde integral al toque de miel artesano bolsa 550 gr","price":"2,29 €","pricePerUnit":"(4,16 €/Kg.)","imgUrl":"https://s1.dia.es/medias/h07/hf0/9552021454878.jpg"},{"title":"BIMBO pan de molde integral natural 100% bolsa 450 gr","price":"1,99 €","pricePerUnit":"(4,42 €/Kg.)","imgUrl":"https://s3.dia.es/medias/h39/h97/9551992619038.jpg"},{"title":"BIMBO SILUETA pan de molde 8 cereales bolsa 650 gr","price":"2,19 €","pricePerUnit":"(3,37 €/Kg.)","imgUrl":"https://s2.dia.es/medias/hce/hc4/8899299573790.jpg"},{"title":"BIMBO SILUETA pan de molde 8 cereales sin corteza bolsa 450 gr","price":"1,99 €","pricePerUnit":"(4,42 €/Kg.)","imgUrl":"https://s1.dia.es/medias/hcb/h7e/9552078209054.jpg"},{"title":"BIMBO SILUETA pan de molde integral sin corteza bolsa 450 gr","price":"1,99 €","pricePerUnit":"(4,42 €/Kg.)","imgUrl":"https://s3.dia.es/medias/h49/h72/9552076898334.jpg"},{"title":"BIMBO SILUETA Thins pan para sandwich 8 cereales bolsa 310 gr","price":"1,59 €\n\t\t\t\t\t\t\t1,39 €","pricePerUnit":"(5,13 €/Kg.)\n\t\t\t\t\t\t\t (4,48 €/Kg.)","imgUrl":"https://s1.dia.es/medias/h09/hd6/9552029974558.jpg"},{"title":"DIA pan de molde integral bolsa 600 gr","price":"0,82 €","pricePerUnit":"(1,37 €/Kg.)","imgUrl":"https://s0.dia.es/medias/h9d/h9f/9364584300574.jpg"},{"title":"DIA pan de molde integral sin coteza bolsa 450 gr","price":"1,19 €","pricePerUnit":"(2,64 €/Kg.)","imgUrl":"https://s0.dia.es/medias/h1f/heb/9270279962654.jpg"},{"title":"DIA pan de molde multicereales bolsa 500 gr","price":"1,26 €","pricePerUnit":"(2,52 €/Kg.)","imgUrl":"https://s3.dia.es/medias/h62/h02/8822281699358.png"},{"title":"DIA pan de molde multicereales sandwich bolsa 310 gr","price":"1,19 €","pricePerUnit":"(3,84 €/Kg.)","imgUrl":"https://s3.dia.es/medias/hca/h00/9348710039582.jpg"},{"title":"DIA pan de molde multicereales sin corteza bolsa 450 gr","price":"1,37 €","pricePerUnit":"(3,04 €/Kg.)","imgUrl":"https://s3.dia.es/medias/h8b/h83/9270288482334.jpg"},{"title":"DIA pan semillas del campo 15 cereales y semillas bolsa 675 gr","price":"1,19 €","pricePerUnit":"(1,76 €/Kg.)","imgUrl":"https://s3.dia.es/medias/h9b/h31/8957754245150.png"},{"title":"DR. SCHAR pan de molde con cereales SIN GLUTEN bolsa 300 gr","price":"2,85 €","pricePerUnit":"(9,50 €/Kg.)","imgUrl":"https://s3.dia.es/medias/h12/heb/8862326128670.png"},{"title":"Hogaza pan de molde bolsa 500 gr","price":"2,15 €","pricePerUnit":"(4,30 €/Kg.)","imgUrl":"https://s0.dia.es/medias/hd0/h93/8945827020830.png"},{"title":"Hogaza pan de molde calabaza bolsa 500 gr","price":"2,15 €","pricePerUnit":"(4,30 €/Kg.)","imgUrl":"https://s3.dia.es/medias/h1c/h1a/8848174350366.png"},{"title":"Hogaza pan de molde centeno bolsa 500 gr","price":"1,55 €","pricePerUnit":"(3,10 €/Kg.)","imgUrl":"https://s2.dia.es/medias/h68/h41/8848155475998.png"},{"title":"Hogaza pan de molde centeno y avena bolsa 500 gr","price":"1,55 €","pricePerUnit":"(3,10 €/Kg.)","imgUrl":"https://s0.dia.es/medias/h4d/hd8/8848171204638.png"},{"title":"Hogaza pan de molde multicereales bolsa 500 gr","price":"1,60 €","pricePerUnit":"(3,20 €/Kg.)","imgUrl":"https://s0.dia.es/medias/hfa/hb1/8848180641822.png"},{"title":"OROWEAT pan de molde con cereales, semillas y frutos rojos bolsa 680 gr","price":"2,59 €","pricePerUnit":"(3,81 €/Kg.)","imgUrl":"https://s0.dia.es/medias/h3f/h2e/9372020146206.jpg"},{"title":"OROWEAT pan de molde con pipas bolsa 680 gr","price":"2,59 €\n\t\t\t\t\t\t\t2,29 €","pricePerUnit":"(3,81 €/Kg.)\n\t\t\t\t\t\t\t (3,37 €/Kg.)","imgUrl":"https://s3.dia.es/medias/h0f/h6d/9552036528158.jpg"},{"title":"OROWEAT pan molde 12 cereales y semillas bolsa 680 gr","price":"2,59 €\n\t\t\t\t\t\t\t2,29 €","pricePerUnit":"(3,81 €/Kg.)\n\t\t\t\t\t\t\t (3,37 €/Kg.)","imgUrl":"https://s2.dia.es/medias/h47/h34/9256755593246.jpg"},{"title":"Pan de pueblo integral bolsa 550 gr","price":"1,19 €","pricePerUnit":"(2,16 €/Kg.)","imgUrl":"https://s2.dia.es/medias/h54/h17/8834337996830.png"},{"title":"PANRICO Cerealia pan de molde 14 cereales bolsa 560 gr","price":"2,25 €","pricePerUnit":"(5,17 €/Kg.)","imgUrl":"https://s3.dia.es/medias/h77/h7a/9677928267806.jpg"},{"title":"PANRICO pan de molde 100% integral bolsa 385 gr","price":"2,40 €","pricePerUnit":"(6,23 €/Kg.)","imgUrl":"https://s0.dia.es/medias/hfa/h1f/9668462805022.jpg"},{"title":"THE RUSTIK BAKERY pan de molde con centeno y pipas bolsa 450 gr","price":"2,19 €","pricePerUnit":"(4,87 €/Kg.)","imgUrl":"https://s2.dia.es/medias/h72/h2d/9552074932254.jpg"},{"title":"THE RUSTIK BAKERY pan de molde con cereales bolsa 450 gr","price":"2,19 €","pricePerUnit":"(4,87 €/Kg.)","imgUrl":"https://s2.dia.es/medias/hf6/h02/9552052584478.jpg"},{"title":"THE RUSTIK BAKERY pan de molde con cereales y semillas bolsa 400 gr","price":"2,19 €","pricePerUnit":"(5,48 €/Kg.)","imgUrl":"https://s3.dia.es/medias/h1c/h97/9552032923678.jpg"},{"title":"THE RUSTIK BAKERY pan de molde masa madre bolsa 450 gr","price":"2,19 €","pricePerUnit":"(4,87 €/Kg.)","imgUrl":"https://s2.dia.es/medias/hcf/h40/9551986655262.jpg"},{"title":"THINS pan para sandwich 100% integral bolsa 310 gr","price":"1,59 €\n\t\t\t\t\t\t\t1,39 €","pricePerUnit":"(5,13 €/Kg.)\n\t\t\t\t\t\t\t (4,48 €/Kg.)","imgUrl":"https://s0.dia.es/medias/h0e/hcd/9552075587614.jpg"}]},"pan-de-molde-para-bocadillos":{"categoryUrl":"/compra-online/productos/desayuno-dulces-y-pan/pan/pan-de-molde-para-bocadillos/c/WEB.004.041.00307","products":[{"title":"BIMBO  pan de hamburguesas 4 uds bolsa 300 gr","price":"1,69 €","pricePerUnit":"(5,63 €/Kg.)","imgUrl":"https://s1.dia.es/medias/h7b/h3f/9001528885278.jpg"},{"title":"BIMBO pan de hamburguesas 4 uds bolsa 220 gr","price":"1,25 €\n\t\t\t\t\t\t\t1,00 €","pricePerUnit":"(5,68 €/Kg.)\n\t\t\t\t\t\t\t (4,55 €/Kg.)","imgUrl":"https://s3.dia.es/medias/h23/h2c/9552016867358.jpg"},{"title":"BIMBO panecillos para perritos 6 unidades bolsa 330gr","price":"1,25 €\n\t\t\t\t\t\t\t1,00 €","pricePerUnit":"(3,79 €/Kg.)\n\t\t\t\t\t\t\t (3,03 €/Kg.)","imgUrl":"https://s2.dia.es/medias/h11/h8f/9001528557598.jpg"},{"title":"DIA pan de hamburguesa maxi 4 unidades bolsa 300 gr","price":"0,86 €","pricePerUnit":"(2,87 €/Kg.)","imgUrl":"https://s0.dia.es/medias/hce/h39/9025594982430.jpg"},{"title":"DIA pan de hamburguesas 4 unidades bolsa 220 gr","price":"0,85 €","pricePerUnit":"(0,21 €/ud.)","imgUrl":"https://s0.dia.es/medias/h4a/hd4/9025615265822.jpg"},{"title":"DIA panecillos para perritos 6 unidades bolsa 330 gr","price":"0,75 €","pricePerUnit":"(0,13 €/ud.)","imgUrl":"https://s2.dia.es/medias/h63/hca/8822510813214.png"},{"title":"DR. SCHAR pan de hamburguesa SIN GLUTEN envase 300 gr","price":"3,29 €","pricePerUnit":"(10,97 €/Kg.)","imgUrl":"https://s2.dia.es/medias/h2f/h2a/8882679250974.png"}]},"pan-para-hornear":{"categoryUrl":"/compra-online/productos/desayuno-dulces-y-pan/pan/pan-para-hornear/c/WEB.004.041.00308","products":[{"title":"DR. SCHAR baguette SIN GLUTEN envase 350 gr","price":"2,99 €","pricePerUnit":"(8,54 €/Kg.)","imgUrl":"https://s1.dia.es/medias/h08/hee/9552038166558.jpg"},{"title":"PROCELI baguette rústica SIN GLUTEN 120 gr","price":"1,59 €","pricePerUnit":"(13,25 €/Kg.)","imgUrl":"https://s2.dia.es/medias/h26/h40/9552649158686.jpg"},{"title":"STAR pan de pita precocido blister 400 grs","price":"1,75 €","pricePerUnit":"(4,38 €/Kg.)","imgUrl":"https://s2.dia.es/medias/h4f/h68/8833146454046.png"}]},"pan-rallado":{"categoryUrl":"/compra-online/productos/desayuno-dulces-y-pan/pan/pan-rallado/c/WEB.004.041.00309","products":[{"title":"DIA pan rallado bolsa 750 grs","price":"0,64 €","pricePerUnit":"(0,85 €/Kg.)","imgUrl":"https://s1.dia.es/medias/h3b/h5b/8823164534814.png"},{"title":"DIA pan rallado con ajo y perejil bolsa 500 gr","price":"0,80 €","pricePerUnit":"(1,60 €/Kg.)","imgUrl":"https://s2.dia.es/medias/h4e/hbf/8823719788574.png"},{"title":"DR. SCHAR pan rallado SIN GLUTEN 300 gr","price":"2,60 €","pricePerUnit":"(8,67 €/Kg.)","imgUrl":"https://s2.dia.es/medias/h27/he0/9552074276894.jpg"},{"title":"ESGIR crumchy crumbs rebozado crujiente SIN GLUTEN paquete 200 gr","price":"1,55 €","pricePerUnit":"(7,75 €/Kg.)","imgUrl":"https://s2.dia.es/medias/hf5/hac/9111651057694.jpg"},{"title":"GALLO pan rallado clásico paquete 500 gr","price":"1,00 €","pricePerUnit":"(2,00 €/Kg.)","imgUrl":"https://s2.dia.es/medias/h3d/h05/9603772186654.jpg"}]},"barritas-y-panecillos-tostados":{"categoryUrl":"/compra-online/productos/desayuno-dulces-y-pan/pan/barritas-y-panecillos-tostados/c/WEB.004.041.00298","products":[{"title":"DIA panecillo ajo y perejil bolsa 160 gr","price":"0,86 €","pricePerUnit":"(5,38 €/Kg.)","imgUrl":"https://s0.dia.es/medias/h70/h3b/8823690428446.png"},{"title":"DIA panecillos tostados con tomate y orégano paquete 160 gr","price":"0,86 €","pricePerUnit":"(5,38 €/Kg.)","imgUrl":"https://s3.dia.es/medias/hc6/ha2/8823991894046.png"},{"title":"DIA VITAL tostas de trigo integral paquete 225 gr","price":"0,59 €","pricePerUnit":"(2,62 €/Kg.)","imgUrl":"https://s3.dia.es/medias/hfc/h9c/9004992593950.jpg"},{"title":"RECONDO barritas pan integral paquete 155 gr","price":"1,49 €","pricePerUnit":"(9,61 €/Kg.)","imgUrl":"https://s0.dia.es/medias/he5/h34/9369581584414.jpg"}]},"biscotes-y-pan-tostado":{"categoryUrl":"/compra-online/productos/desayuno-dulces-y-pan/pan/biscotes-y-pan-tostado/c/WEB.004.041.00299","products":[{"title":"CASINO BIO pan tostado integral caja 200 gr","price":"1,59 €","pricePerUnit":"(6,36 €/Kg.)","imgUrl":"https://s2.dia.es/medias/had/hff/9328751149086.jpg"},{"title":"CASINO BIO pan tostado integral redondos paquete 125 gr","price":"1,25 €","pricePerUnit":"(10,00 €/Kg.)","imgUrl":"https://s2.dia.es/medias/hae/h40/9328746561566.jpg"},{"title":"DIA biscotes paquete 800 gr","price":"2,15 €","pricePerUnit":"(2,69 €/Kg.)","imgUrl":"https://s3.dia.es/medias/hf6/hb7/9082961362974.jpg"},{"title":"DIA pan rustico hogaza paquete 240 grs","price":"1,55 €","pricePerUnit":"(6,46 €/Kg.)","imgUrl":"https://s0.dia.es/medias/h19/h26/8823665262622.png"},{"title":"DIA pan tostado normal paquete 270 grs","price":"0,95 €","pricePerUnit":"(3,52 €/Kg.)","imgUrl":"https://s3.dia.es/medias/h3a/h01/8821902376990.png"},{"title":"DIA VITAL biscotes integrales paquete 800 gr","price":"2,15 €","pricePerUnit":"(2,69 €/Kg.)","imgUrl":"https://s3.dia.es/medias/hb0/h8c/9074190090270.jpg"},{"title":"DIA VITAL biscotes muy bajos en sal paquete 800 gr","price":"2,35 €","pricePerUnit":"(2,94 €/Kg.)","imgUrl":"https://s2.dia.es/medias/hec/hd1/9004970770462.jpg"},{"title":"DIA VITAL pan tostado bajo en sal sin azúcares añadidos paquete 270 gr","price":"0,98 €","pricePerUnit":"(3,63 €/Kg.)","imgUrl":"https://s0.dia.es/medias/ha5/h63/9043240091678.jpg"},{"title":"DIA VITAL pan tostado integral con sesamo paquete 270 gr","price":"1,25 €","pricePerUnit":"(4,63 €/Kg.)","imgUrl":"https://s2.dia.es/medias/hb9/h6d/9502648107038.jpg"},{"title":"DIA VITAL pan tostado integral paquete 270 gr","price":"0,97 €","pricePerUnit":"(3,59 €/Kg.)","imgUrl":"https://s0.dia.es/medias/h49/hb3/9043238715422.jpg"},{"title":"LA MOLLETERIA pan mollete de antequera bolsa 120 gr","price":"0,65 €","pricePerUnit":"(5,42 €/Kg.)","imgUrl":"https://s0.dia.es/medias/h8a/h93/8932527374366.jpg"},{"title":"ORTIZ pan tostado integral paquete 324 gr","price":"1,89 €","pricePerUnit":"(5,83 €/Kg.)","imgUrl":"https://s2.dia.es/medias/h16/heb/9151296274462.jpg"},{"title":"ORTIZ pan tostado multicereales paquete 288 gr","price":"1,89 €","pricePerUnit":"(6,56 €/Kg.)","imgUrl":"https://s2.dia.es/medias/h93/he9/9193619161118.jpg"},{"title":"PROCELI biscotes SIN GLUTEN caja 150 gr","price":"3,60 €","pricePerUnit":"(24,00 €/Kg.)","imgUrl":"https://s3.dia.es/medias/h2f/h7a/9357352730654.jpg"},{"title":"QUELY quelitas crujientes paquete 200 gr","price":"1,25 €","pricePerUnit":"(6,25 €/Kg.)","imgUrl":"https://s2.dia.es/medias/h6b/hfa/9527647862814.jpg"},{"title":"RECONDO hogaza de pan nueve cereales paquete 240 gr","price":"1,95 €","pricePerUnit":"(8,13 €/Kg.)","imgUrl":"https://s1.dia.es/medias/h3c/h42/9369564545054.jpg"},{"title":"RECONDO pan tostado chapata caja 167 gr","price":"1,75 €","pricePerUnit":"(10,48 €/Kg.)","imgUrl":"https://s2.dia.es/medias/hdd/h90/9396562559006.jpg"},{"title":"RECONDO pan tostado hogaza rústica paquete 240 gr","price":"1,89 €","pricePerUnit":"(7,88 €/Kg.)","imgUrl":"https://s1.dia.es/medias/hee/h6e/9369570607134.jpg"},{"title":"RECONDO pan tostado integral paquete 270 gr","price":"1,89 €","pricePerUnit":"(7,00 €/Kg.)","imgUrl":"https://s0.dia.es/medias/h58/he1/9369584533534.jpg"},{"title":"RECONDO pan tostado integral sin sal 30 uds paquete 270 gr","price":"1,89 €","pricePerUnit":"(7,00 €/Kg.)","imgUrl":"https://s2.dia.es/medias/hef/hc1/9369560940574.jpg"},{"title":"RECONDO pan tostado tradicional paquete 270 grs","price":"1,89 €","pricePerUnit":"(7,00 €/Kg.)","imgUrl":"https://s3.dia.es/medias/h11/h38/9369574211614.jpg"},{"title":"WASA pan tostado original paquete 275 gr","price":"2,34 €","pricePerUnit":"(8,51 €/Kg.)","imgUrl":"https://s0.dia.es/medias/h82/h80/9373595795486.jpg"}]},"pan-aperitivo":{"categoryUrl":"/compra-online/productos/desayuno-dulces-y-pan/pan/pan-aperitivo/c/WEB.004.041.00310","products":[{"title":"ALBA bocadito de pan sabor jamón y tomate bolsa 110 gr","price":"1,09 €","pricePerUnit":"(9,91 €/Kg.)","imgUrl":"https://s2.dia.es/medias/h9b/h5b/9115663499294.jpg"},{"title":"ALBA bocaditos de pan sabor tomate y orégano bolsa 110 gr","price":"1,09 €","pricePerUnit":"(9,91 €/Kg.)","imgUrl":"https://s2.dia.es/medias/he5/h4d/9115651047454.jpg"},{"title":"ALBA rosquilletas con pipas bolsa 70 gr","price":"0,90 €","pricePerUnit":"(12,86 €/Kg.)","imgUrl":"https://s0.dia.es/medias/hb4/h98/8910198931486.jpg"},{"title":"ANDRES regaña rústicas bolsa 100 gr","price":"1,08 €","pricePerUnit":"(10,80 €/Kg.)","imgUrl":"https://s2.dia.es/medias/hc9/h8d/9589883764766.jpg"},{"title":"DIA DELICIOUS mini tostas con pasas bolsa 125 gr","price":"1,39 €","pricePerUnit":"(11,12 €/Kg.)","imgUrl":"https://s3.dia.es/medias/hbd/he0/8823807344670.png"},{"title":"DIA mini biscotte paquete 350 grs","price":"1,80 €","pricePerUnit":"(5,14 €/Kg.)","imgUrl":"https://s2.dia.es/medias/hc9/hf4/8824029642782.png"},{"title":"DIA mini tosta normal paquete 100 gr","price":"1,00 €","pricePerUnit":"(10,00 €/Kg.)","imgUrl":"https://s3.dia.es/medias/h00/h91/8822507667486.png"},{"title":"DIA mini tostas paquete 120 gr","price":"0,56 €","pricePerUnit":"(4,67 €/Kg.)","imgUrl":"https://s1.dia.es/medias/h57/h47/8828511846430.png"},{"title":"DIA pan de pipas bolsas 2 x 100 gr","price":"1,75 €","pricePerUnit":"(8,75 €/Kg.)","imgUrl":"https://s2.dia.es/medias/h62/ha6/9082914635806.jpg"},{"title":"FRANJUBA tejas pan para dipear bolsa 125 gr","price":"1,00 €","pricePerUnit":"(8,00 €/Kg.)","imgUrl":"https://s3.dia.es/medias/h68/h94/9022595825694.jpg"},{"title":"GREFUSA Snatt´s snacks mediterráneos tomate y finas hierbas bolsa 110 gr","price":"1,25 €","pricePerUnit":"(11,36 €/Kg.)","imgUrl":"https://s3.dia.es/medias/hce/h39/9252244619294.jpg"},{"title":"QUELY tapas bolsa 200 gr","price":"1,00 €","pricePerUnit":"(5,00 €/Kg.)","imgUrl":"https://s1.dia.es/medias/h11/h7e/9527676862494.jpg"},{"title":"SNATTS palitos trigo con pipas paquete 62 grs","price":"0,99 €","pricePerUnit":"(15,97 €/Kg.)","imgUrl":"https://s0.dia.es/medias/hf8/h0c/9124741840926.jpg"},{"title":"VELARTE barritas de pan artesanas con pipas bolsa 80 gr","price":"0,92 €","pricePerUnit":"(11,50 €/Kg.)","imgUrl":"https://s3.dia.es/medias/ha9/h65/9123216588830.jpg"},{"title":"WASA VITALITE pan avena paquete 280 grs","price":"2,34 €","pricePerUnit":"(8,36 €/Kg.)","imgUrl":"https://s0.dia.es/medias/hf3/h16/8906728767518.jpg"}]},"colines-picos-y-rosquillas":{"categoryUrl":"/compra-online/productos/desayuno-dulces-y-pan/pan/colines-picos-y-rosquillas/c/WEB.004.041.00301","products":[{"title":"ANDRES cocktail de picos bolsa 350 gr","price":"1,19 €","pricePerUnit":"(3,97 €/Kg.)","imgUrl":"https://s3.dia.es/medias/h26/h0f/8819520438302.png"},{"title":"ANDRES pikitos de pan bolsa 140 gr","price":"0,89 €","pricePerUnit":"(6,36 €/Kg.)","imgUrl":"https://s3.dia.es/medias/h76/h64/9589941501982.jpg"},{"title":"ANDRÉS picos camperos con aceite de oliva y ajonjoli  bolsa 180 gr","price":"1,09 €","pricePerUnit":"(6,06 €/Kg.)","imgUrl":"https://s0.dia.es/medias/h25/h43/9590641623070.jpg"},{"title":"ANDRÉS picos pan rustic bolsa 140 gr","price":"1,19 €","pricePerUnit":"(8,50 €/Kg.)","imgUrl":"https://s3.dia.es/medias/h2d/hd9/8962608398366.jpg"},{"title":"ANDRÉS regañas con aceite de oliva y ajonjoli bolsa 170 gr","price":"1,09 €","pricePerUnit":"(6,41 €/Kg.)","imgUrl":"https://s2.dia.es/medias/hcf/h76/9589874262046.jpg"},{"title":"DIA DELICIOUS grissinis finos bolsa 250 gr","price":"1,79 €","pricePerUnit":"(7,16 €/Kg.)","imgUrl":"https://s0.dia.es/medias/h62/h73/8831668289566.png"},{"title":"DIA picos de pan bolsa 250 gr","price":"0,45 €","pricePerUnit":"(1,80 €/Kg.)","imgUrl":"https://s1.dia.es/medias/h00/hf5/9583760113694.jpg"},{"title":"DIA picos reventaos bolsa 250 gr","price":"0,59 €","pricePerUnit":"(2,36 €/Kg.)","imgUrl":"https://s2.dia.es/medias/ha6/h2e/9348691984414.jpg"},{"title":"DIA rosquillas de pan bolsa 250 gr","price":"0,60 €","pricePerUnit":"(2,40 €/Kg.)","imgUrl":"https://s3.dia.es/medias/h41/h6c/9348713971742.jpg"},{"title":"DIA VITAL camperos integrales bolsa 250 gr","price":"0,47 €","pricePerUnit":"(1,88 €/Kg.)","imgUrl":"https://s2.dia.es/medias/h3a/h20/8980621295646.jpg"},{"title":"DIA VITAL picos integrales bolsa 250 gr","price":"0,45 €","pricePerUnit":"(1,80 €/Kg.)","imgUrl":"https://s1.dia.es/medias/h01/hee/8974041481246.jpg"},{"title":"FRANJUBA picos con aceite de oliva bolsa 160 gr","price":"1,00 €","pricePerUnit":"(6,25 €/Kg.)","imgUrl":"https://s2.dia.es/medias/h19/hf0/8878315208734.png"},{"title":"FRANJUBA picos rusticos bolsa 140 gr","price":"1,25 €","pricePerUnit":"(8,93 €/Kg.)","imgUrl":"https://s0.dia.es/medias/h9d/h75/8864511524894.jpg"},{"title":"LA GAÑANIA picos de jerez bolsa 400 gr","price":"1,59 €","pricePerUnit":"(3,98 €/Kg.)","imgUrl":"https://s3.dia.es/medias/he9/hb2/9010417762334.jpg"},{"title":"PANCELIAC picos artesanos SIN GLUTEN 100 gr","price":"1,70 €","pricePerUnit":"(17,00 €/Kg.)","imgUrl":"https://s0.dia.es/medias/h8a/hb3/8880772808734.jpg"},{"title":"Picos camperos con aceite de oliva virgen extra bolsa 200 gr","price":"1,00 €","pricePerUnit":"(5,00 €/Kg.)","imgUrl":"https://s1.dia.es/medias/hce/h80/9263113601054.jpg"},{"title":"Picos integrales artesanos con aceite de oliva bolsa 170 gr","price":"1,00 €","pricePerUnit":"(5,88 €/Kg.)","imgUrl":"https://s2.dia.es/medias/h1f/h0e/8898005893150.jpg"},{"title":"Picos integrales con aceite de oliva bolsa 200 gr","price":"1,00 €","pricePerUnit":"(5,00 €/Kg.)","imgUrl":"https://s0.dia.es/medias/h6a/h81/9263093940254.jpg"},{"title":"PROCELI colines SIN GLUTEN bolsa 150 gr","price":"2,70 €","pricePerUnit":"(18,00 €/Kg.)","imgUrl":"https://s2.dia.es/medias/h37/hcf/9639222312990.jpg"},{"title":"QUELY picos integrales bolsa 225 grs","price":"1,00 €","pricePerUnit":"(4,44 €/Kg.)","imgUrl":"https://s1.dia.es/medias/h6b/h2a/9527653105694.jpg"},{"title":"Regañas con aceite de oliva virgen extra bolsa 150 gr","price":"1,19 €","pricePerUnit":"(7,93 €/Kg.)","imgUrl":"https://s0.dia.es/medias/h16/h79/9263094595614.jpg"}]},"picatostes":{"categoryUrl":"/compra-online/productos/desayuno-dulces-y-pan/pan/picatostes/c/WEB.004.041.00311","products":[{"title":"DIA picatostes tostados bolsa 90 gr","price":"0,59 €","pricePerUnit":"(6,56 €/Kg.)","imgUrl":"https://s3.dia.es/medias/hac/heb/8823844044830.png"}]},"crackers-y-tartaletas":{"categoryUrl":"/compra-online/productos/desayuno-dulces-y-pan/pan/crackers-y-tartaletas/c/WEB.004.041.00302","products":[{"title":"DAVEIGA galletas crackers marineras bolsa 200 gr","price":"2,09 €","pricePerUnit":"(10,45 €/Kg.)","imgUrl":"https://s3.dia.es/medias/h96/hc1/9633682587678.jpg"},{"title":"RECONDO crackers normal paquete 250 gr","price":"1,65 €","pricePerUnit":"(6,60 €/Kg.)","imgUrl":"https://s2.dia.es/medias/h02/h4e/9629794566174.jpg"}]}},"preparacion-de-postres":{"name":"Preparaciondepostres","productTypes":["bizcochos-tartas-y-otros-postres","flanes-y-natillas","gelatinas","siropes-y-caramelos","decoracion-y-complementos-para-postres"],"bizcochos-tartas-y-otros-postres":{"categoryUrl":"/compra-online/productos/desayuno-dulces-y-pan/preparacion-de-postres/bizcochos-tartas-y-otros-postres/c/WEB.004.042.00313","products":[{"title":"DIA Preparado para crepes bote 190 gr","price":"1,43 €","pricePerUnit":"(7,53 €/Kg.)","imgUrl":"https://s0.dia.es/medias/h33/hf5/8822951084062.png"},{"title":"DR. OETKER preparado para bizcocho SIN GLUTEN caja 364 gr","price":"3,85 €","pricePerUnit":"(9,39 €/Kg.)","imgUrl":"https://s1.dia.es/medias/h25/ha6/8962645622814.jpg"},{"title":"DR. OETKER preparado para brownie estuche 456 grs","price":"3,95 €","pricePerUnit":"(8,66 €/Kg.)","imgUrl":"https://s1.dia.es/medias/hbe/h45/9385061548062.jpg"},{"title":"DR. OETKER preparado para cocinar bizcocho extra esponjoso estuche 340 grs","price":"2,85 €","pricePerUnit":"(8,38 €/Kg.)","imgUrl":"https://s2.dia.es/medias/hb6/hb1/9385062858782.jpg"},{"title":"DR. OETKER preparado para muffins estuche 456 grs","price":"3,84 €","pricePerUnit":"(10,38 €/Kg.)","imgUrl":"https://s1.dia.es/medias/hab/h61/9385010266142.jpg"},{"title":"DR.OETKER preparado para tarta de chocolate estilo francés 12 raciones 355g","price":"4,18 €","pricePerUnit":"(11,77 €/Kg.)","imgUrl":"https://s2.dia.es/medias/h9b/h2b/9385005678622.jpg"},{"title":"MARY LEE preparado para tortitas americanas estuche 156 gr","price":"1,42 €","pricePerUnit":"(9,10 €/Kg.)","imgUrl":"https://s2.dia.es/medias/h42/h45/9621191131166.jpg"},{"title":"MILDRED base de tarta chocolate envase 400 gr","price":"2,37 €","pricePerUnit":"(5,93 €/Kg.)","imgUrl":"https://s2.dia.es/medias/h4f/h18/8819378454558.png"},{"title":"ROYAL cuajada azucarada para preparar 5 sobres  estuche 60 grs","price":"1,40 €","pricePerUnit":"(23,33 €/Kg.)","imgUrl":"https://s1.dia.es/medias/ha4/hda/9562875199518.jpg"},{"title":"ROYAL para preparar pastel de queso con sirope de fresa 8 raciones 325gr","price":"2,96 €","pricePerUnit":"(9,11 €/Kg.)","imgUrl":"https://s3.dia.es/medias/h32/hfc/9669882904606.jpg"},{"title":"ROYAL para preparar pastel Oreo Cake 8 raciones estuche 215 grs","price":"3,26 €","pricePerUnit":"(15,16 €/Kg.)","imgUrl":"https://s0.dia.es/medias/h6c/hfb/9669882511390.jpg"},{"title":"ROYAL pastel fresco para preparar sabor limón con caramelo liquido estuche","price":"1,18 €","pricePerUnit":"(11,46 €/Kg.)","imgUrl":"https://s3.dia.es/medias/hfd/h9a/9593091489822.jpg"},{"title":"ROYAL preparado para brownie oreo caja 375 gr","price":"3,55 €","pricePerUnit":"(9,47 €/Kg.)","imgUrl":"https://s2.dia.es/medias/hd9/h9c/9547221205022.jpg"},{"title":"ROYAL preparado para tarta de chocolate con milka estuche 350 gr","price":"3,59 €","pricePerUnit":"(10,26 €/Kg.)","imgUrl":"https://s3.dia.es/medias/h95/h73/9547206131742.jpg"},{"title":"TIA MERRY base de tarta envase 400 gr","price":"2,37 €","pricePerUnit":"(5,93 €/Kg.)","imgUrl":"https://s2.dia.es/medias/h6d/h3c/8819378978846.png"}]},"flanes-y-natillas":{"categoryUrl":"/compra-online/productos/desayuno-dulces-y-pan/preparacion-de-postres/flanes-y-natillas/c/WEB.004.042.00315","products":[{"title":"DR. OETKER preparado para flan de leche panna cotta con frambuesa 110 gr","price":"1,49 €","pricePerUnit":"(13,55 €/Kg.)","imgUrl":"https://s1.dia.es/medias/h1f/h75/9385100247070.jpg"},{"title":"DR. OETKER preparado para flan duo vainilla y chocolate caja 92 gr","price":"1,39 €","pricePerUnit":"(15,11 €/Kg.)","imgUrl":"https://s1.dia.es/medias/hd2/h04/9385041887262.jpg"},{"title":"MANDARÍN preparado para flan clásico caja 30 gr","price":"1,16 €","pricePerUnit":"(38,67 €/Kg.)","imgUrl":"https://s2.dia.es/medias/h6e/hbc/9385074655262.jpg"},{"title":"MANDARÍN preparado para natillas caja 123 gr","price":"1,00 €","pricePerUnit":"(11,76 €/Kg.)","imgUrl":"https://s2.dia.es/medias/hbe/hec/9385065152542.jpg"},{"title":"ROYAL preparado para crema catalana caja 120 gr","price":"1,44 €","pricePerUnit":"(12,00 €/Kg.)","imgUrl":"https://s3.dia.es/medias/h27/h1d/9553883955230.jpg"},{"title":"ROYAL preparado para flan contiene caramelo líquido caja 233 gr","price":"1,96 €","pricePerUnit":"(8,43 €/Kg.)","imgUrl":"https://s2.dia.es/medias/h4a/h48/8849703272478.png"},{"title":"ROYAL prepardo para natillas caseras caja 100 gr","price":"1,27 €","pricePerUnit":"(12,70 €/Kg.)","imgUrl":"https://s2.dia.es/medias/h7a/h38/9191527677982.jpg"}]},"gelatinas":{"categoryUrl":"/compra-online/productos/desayuno-dulces-y-pan/preparacion-de-postres/gelatinas/c/WEB.004.042.00316","products":[{"title":"DR.OETKER gelatina en laminas sobre 12 laminas","price":"1,97 €","pricePerUnit":"(98,50 €/Kg.)","imgUrl":"https://s2.dia.es/medias/h52/ha7/9385030418462.jpg"},{"title":"ROYAL gelatina fresa caja 170 gr","price":"2,15 €","pricePerUnit":"(12,65 €/Kg.)","imgUrl":"https://s0.dia.es/medias/hac/h04/8849809702942.png"},{"title":"ROYAL gelatina limón caja 170 gr","price":"2,15 €","pricePerUnit":"(12,65 €/Kg.)","imgUrl":"https://s1.dia.es/medias/h9f/h66/9536194117662.jpg"},{"title":"ROYAL gelatina neutra caja 2 sobres 20 gr","price":"1,59 €","pricePerUnit":"(79,50 €/Kg.)","imgUrl":"https://s1.dia.es/medias/h18/h57/9555543261214.jpg"},{"title":"ROYAL gelatina sabor naranja caja 170 gr","price":"2,30 €","pricePerUnit":"(13,53 €/Kg.)","imgUrl":"https://s2.dia.es/medias/h85/h11/8897277001758.png"},{"title":"ROYAL gelatina sabor piña caja 170 gr","price":"2,30 €","pricePerUnit":"(13,53 €/Kg.)","imgUrl":"https://s1.dia.es/medias/h6e/h20/8897556185118.png"},{"title":"ROYAL Light gelatina sabor fresa 0% azucares caja 31 gr","price":"2,30 €","pricePerUnit":"(74,19 €/Kg.)","imgUrl":"https://s3.dia.es/medias/h6d/he3/9550669283358.jpg"}]},"siropes-y-caramelos":{"categoryUrl":"/compra-online/productos/desayuno-dulces-y-pan/preparacion-de-postres/siropes-y-caramelos/c/WEB.004.042.00318","products":[{"title":"DIA caramelo líquido bote  400 gr","price":"1,99 €","pricePerUnit":"(4,98 €/Kg.)","imgUrl":"https://s1.dia.es/medias/hc7/hb2/8822276456478.png"},{"title":"DIA sirope de chocolate botella 295 gr","price":"1,48 €","pricePerUnit":"(5,02 €/Kg.)","imgUrl":"https://s2.dia.es/medias/h17/hc0/8823775887390.png"},{"title":"DIA sirope de fresa bote 295 gr","price":"1,43 €","pricePerUnit":"(4,85 €/Kg.)","imgUrl":"https://s3.dia.es/medias/h1f/hd5/8824036458526.png"},{"title":"MILKA Royal sirope de chocolate milka botella 300 gr","price":"2,49 €","pricePerUnit":"(8,30 €/Kg.)","imgUrl":"https://s1.dia.es/medias/hb5/hdf/9368585175070.jpg"},{"title":"ROYAL caramelo liquido 400 grs","price":"2,31 €","pricePerUnit":"(5,77 €/Kg.)","imgUrl":"https://s3.dia.es/medias/hf9/h4b/9241469943838.jpg"}]},"decoracion-y-complementos-para-postres":{"categoryUrl":"/compra-online/productos/desayuno-dulces-y-pan/preparacion-de-postres/decoracion-y-complementos-para-postres/c/WEB.004.042.00312","products":[{"title":"DR. OETKER  decomagia rosa 84 grs","price":"4,17 €","pricePerUnit":"(49,64 €/Kg.)","imgUrl":"https://s1.dia.es/medias/h6b/hb0/9385031401502.jpg"},{"title":"DR. OETKER almendra molida bolsa 130 gr","price":"3,29 €","pricePerUnit":"(25,31 €/Kg.)","imgUrl":"https://s3.dia.es/medias/h8d/h44/8962720595998.jpg"},{"title":"DR. OETKER aroma de vainilla caja 4 uds","price":"2,28 €","pricePerUnit":"(285,00 €/Kg.)","imgUrl":"https://s0.dia.es/medias/hf6/hf2/9385022554142.jpg"},{"title":"DR. OETKER aroma limón caja 4 uds","price":"1,95 €","pricePerUnit":"(243,75 €/Kg.)","imgUrl":"https://s0.dia.es/medias/hda/h31/8877295501342.png"},{"title":"DR. OETKER coco rallado bolsa 130 gr","price":"1,93 €","pricePerUnit":"(14,85 €/Kg.)","imgUrl":"https://s0.dia.es/medias/h0a/hdc/8962559115294.jpg"},{"title":"DR. OETKER decomagia 78 grs","price":"3,55 €","pricePerUnit":"(45,51 €/Kg.)","imgUrl":"https://s2.dia.es/medias/hc6/h94/9385022881822.jpg"},{"title":"DR. OETKER fideos de chocolate frasco 45 gr","price":"1,53 €","pricePerUnit":"(34,00 €/Kg.)","imgUrl":"https://s3.dia.es/medias/hc4/had/9385054666782.jpg"},{"title":"DR. OETKER fideos de colores frasco 45 gr","price":"1,53 €","pricePerUnit":"(34,00 €/Kg.)","imgUrl":"https://s3.dia.es/medias/hc5/h8a/8962739470366.jpg"},{"title":"DR. OETKER lápiz pastelero chocolate caja 57 gr","price":"3,00 €","pricePerUnit":"(52,63 €/Kg.)","imgUrl":"https://s0.dia.es/medias/h66/h32/9385571581982.jpg"},{"title":"DR. OETKER margaritas de obleas caja 4,2 gr","price":"2,69 €","pricePerUnit":"(672,50 €/Kg.)","imgUrl":"https://s0.dia.es/medias/h12/h24/8878329561118.png"},{"title":"DR. OETKER Natafix estabilizante para montar nata caja 3 sobres","price":"1,00 €","pricePerUnit":"(33,33 €/Kg.)","imgUrl":"https://s3.dia.es/medias/h33/h0e/9592215371806.jpg"},{"title":"DR. OETKER perlas de plata frasco 40 gr","price":"1,95 €","pricePerUnit":"(48,75 €/Kg.)","imgUrl":"https://s3.dia.es/medias/hc3/ha5/8962611544094.jpg"},{"title":"DR. OETKER perlitas de chocolate 100 gr","price":"1,99 €","pricePerUnit":"(19,90 €/Kg.)","imgUrl":"https://s2.dia.es/medias/hed/h29/9327505113118.jpg"},{"title":"DR.OETKER colorantes alimentarios 4 colores caja 40 gr","price":"3,18 €","pricePerUnit":"(79,50 €/Kg.)","imgUrl":"https://s2.dia.es/medias/h23/h47/9385047457822.jpg"},{"title":"DR.OETKER fondant de azucar blanco estuche 300 gr","price":"3,99 €","pricePerUnit":"(13,30 €/Kg.)","imgUrl":"https://s2.dia.es/medias/h79/h70/9385017147422.jpg"}]}}},"lacteos-y-huevos":{"name":"Lácteosyhuevos","subCategoriesName":["batidos","horchatas","leche","mantequilla-y-margarina","nata","postres","yogures","huevos"],"batidos":{"name":"Batidos","productTypes":["cacao","fresa","vainilla"],"cacao":{"categoryUrl":"/compra-online/productos/lacteos-y-huevos/batidos/cacao/c/WEB.005.043.00321","products":[{"title":"CACAOLAT batido de chocolate botella 1 lt","price":"1,75 €","pricePerUnit":"(1,75 €/l.)","imgUrl":"https://s0.dia.es/medias/h13/hc0/9635719512094.jpg"},{"title":"COLACAO batido cacao energy pack 3 botellas 200 ml","price":"1,69 €","pricePerUnit":"(2,82 €/l.)","imgUrl":"https://s0.dia.es/medias/hb9/h63/9287479427102.jpg"},{"title":"COLACAO batido shake vaso 200 ml","price":"1,25 €","pricePerUnit":"(6,25 €/l.)","imgUrl":"https://s1.dia.es/medias/h74/h5b/9034755702814.jpg"},{"title":"DIA batido al cacao pack 6 unidades 200 ml","price":"1,05 €","pricePerUnit":"(0,88 €/l.)","imgUrl":"https://s0.dia.es/medias/h3d/h6d/8823007707166.png"},{"title":"DIA batido chocolate botella 1 lt","price":"0,85 €","pricePerUnit":"(0,85 €/l.)","imgUrl":"https://s2.dia.es/medias/h8c/h5b/8821827928094.png"},{"title":"PULEVA batido al cacao pack 6 unidades 200 ml","price":"1,99 €","pricePerUnit":"(1,66 €/l.)","imgUrl":"https://s0.dia.es/medias/h7b/h50/9600473333790.jpg"},{"title":"PULEVA batido al cacao sin lactosa pack 6 unidades 200 ml","price":"2,19 €","pricePerUnit":"(1,83 €/l.)","imgUrl":"https://s3.dia.es/medias/h7a/h3f/9600472678430.jpg"}]},"fresa":{"categoryUrl":"/compra-online/productos/lacteos-y-huevos/batidos/fresa/c/WEB.005.043.00323","products":[{"title":"DIA batido de fresa botella 1 lt","price":"0,85 €","pricePerUnit":"(0,85 €/l.)","imgUrl":"https://s1.dia.es/medias/h87/h83/8834635726878.png"},{"title":"DIA batido fresa pack 6 unidades 200 ml","price":"1,05 €","pricePerUnit":"(0,88 €/l.)","imgUrl":"https://s2.dia.es/medias/h2e/h00/9583115304990.jpg"},{"title":"PULEVA batido fresa pack 6 unidades 200 ml","price":"2,36 €","pricePerUnit":"(1,97 €/l.)","imgUrl":"https://s1.dia.es/medias/h99/hab/9600431816734.jpg"}]},"vainilla":{"categoryUrl":"/compra-online/productos/lacteos-y-huevos/batidos/vainilla/c/WEB.005.043.00324","products":[{"title":"DIA batido de vainilla botella 1 lt","price":"0,85 €","pricePerUnit":"(0,85 €/l.)","imgUrl":"https://s3.dia.es/medias/h03/h28/8833188069406.png"},{"title":"DIA batido vainilla pack 6 unidades 200 ml","price":"1,05 €","pricePerUnit":"(0,88 €/l.)","imgUrl":"https://s0.dia.es/medias/hfc/he1/9583090794526.jpg"},{"title":"PULEVA batido de vainilla pack 6 unidades 200 ml","price":"1,99 €","pricePerUnit":"(1,66 €/l.)","imgUrl":"https://s1.dia.es/medias/h57/hf6/9600473006110.jpg"}]}},"horchatas":{"name":"Horchatas","productTypes":["horchatas"],"horchatas":{"categoryUrl":"/compra-online/productos/lacteos-y-huevos/horchatas/horchatas/c/WEB.005.044.00325","products":[{"title":"CHUFI horchata botella 1 lt","price":"1,59 €\n\t\t\t\t\t\t\t1,35 €","pricePerUnit":"(1,59 €/l.)\n\t\t\t\t\t\t\t (1,35 €/l.)","imgUrl":"https://s0.dia.es/medias/h62/h1d/9034806493214.jpg"},{"title":"CHUFI maestro horchatero botella 1 lt","price":"1,89 €","pricePerUnit":"(1,89 €/l.)","imgUrl":"https://s3.dia.es/medias/h49/hfb/9144068931614.jpg"},{"title":"DIA DELICIOUS horchata botella 1 lt","price":"1,35 €","pricePerUnit":"(1,35 €/l.)","imgUrl":"https://s0.dia.es/medias/h72/h92/9004817481758.jpg"},{"title":"DIA horchata botella 1 lt","price":"0,95 €","pricePerUnit":"(0,95 €/l.)","imgUrl":"https://s2.dia.es/medias/h64/hff/8822429548574.png"}]}},"leche":{"name":"Leche","productTypes":["entera","desnatada","semidesnatada","calcio","sin-lactosa","leches-especiales","condensada","en-polvo-y-deshidratada","energia-y-crecimiento","evaporada","soja"],"entera":{"categoryUrl":"/compra-online/productos/lacteos-y-huevos/leche/entera/c/WEB.005.046.00329","products":[{"title":"ASTURIANA leche entera botella 1,5 lt","price":"1,24 €\n\t\t\t\t\t\t\t1,19 €","pricePerUnit":"(0,83 €/l.)\n\t\t\t\t\t\t\t (0,79 €/l.)","imgUrl":"https://s2.dia.es/medias/h32/h74/9576264531998.jpg"},{"title":"ASTURIANA leche entera envase 1 lt","price":"0,79 €","pricePerUnit":"(0,79 €/l.)","imgUrl":"https://s1.dia.es/medias/h34/h00/9576320630814.jpg"},{"title":"ASTURIANA leche entera sin lactosa envase 1 lt","price":"0,92 €","pricePerUnit":"(0,92 €/l.)","imgUrl":"https://s2.dia.es/medias/hfa/hea/9394928844830.jpg"},{"title":"CELTA leche entera envase 1.5 lt","price":"1,19 €","pricePerUnit":"(0,79 €/l.)","imgUrl":"https://s2.dia.es/medias/hc9/h28/9645318209566.jpg"},{"title":"DIA DELICIOUS leche entera fresca botella 1.5 lt","price":"1,19 €","pricePerUnit":"(0,79 €/l.)","imgUrl":"https://s3.dia.es/medias/h59/h8b/9241361416222.jpg"},{"title":"DIA leche entera botella 1.5 lt","price":"1,06 €","pricePerUnit":"(0,71 €/l.)","imgUrl":"https://s1.dia.es/medias/h54/h8e/8823672602654.png"},{"title":"DIA leche entera envase 1 lt","price":"0,61 €","pricePerUnit":"(0,61 €/l.)","imgUrl":"https://s0.dia.es/medias/he5/h30/8825423331358.png"},{"title":"DIA VITAL leche entera sin lactosa envase 1 lt","price":"0,75 €","pricePerUnit":"(0,75 €/l.)","imgUrl":"https://s2.dia.es/medias/h82/h83/9115254226974.jpg"},{"title":"FLORA Folic B leche entera envase 1 lt","price":"1,54 €","pricePerUnit":"(1,54 €/l.)","imgUrl":"https://s1.dia.es/medias/h2b/h55/9107592019998.jpg"},{"title":"LAUKI leche entera envase 1 lt","price":"0,85 €","pricePerUnit":"(0,85 €/l.)","imgUrl":"https://s0.dia.es/medias/hf2/hb8/9371362459678.jpg"},{"title":"PASCUAL leche entera envase 1 lt","price":"0,89 €","pricePerUnit":"(0,89 €/l.)","imgUrl":"https://s1.dia.es/medias/h9d/hab/9428156514334.jpg"},{"title":"PULEVA leche entera fresca botella 1.5 lt","price":"1,70 €","pricePerUnit":"(1,13 €/l.)","imgUrl":"https://s2.dia.es/medias/hc4/h01/9585141973022.jpg"},{"title":"PULEVA leche entera sin lactosa botella 1 lt","price":"1,15 €","pricePerUnit":"(1,15 €/l.)","imgUrl":"https://s1.dia.es/medias/h2c/hf9/9583097282590.jpg"},{"title":"RIO leche entera envase 1.5 lt","price":"1,06 €","pricePerUnit":"(0,71 €/l.)","imgUrl":"https://s3.dia.es/medias/hd5/hf5/8877283442718.png"}]},"desnatada":{"categoryUrl":"/compra-online/productos/lacteos-y-huevos/leche/desnatada/c/WEB.005.046.00330","products":[{"title":"ASTURIANA leche desnatada 0,0%  M.G. envase 1 lt","price":"0,79 €","pricePerUnit":"(0,79 €/l.)","imgUrl":"https://s1.dia.es/medias/ha1/h6b/9576318664734.jpg"},{"title":"ASTURIANA leche desnatada 0,0% M.G. botella 1.5 lt","price":"1,25 €\n\t\t\t\t\t\t\t1,19 €","pricePerUnit":"(0,83 €/l.)\n\t\t\t\t\t\t\t (0,79 €/l.)","imgUrl":"https://s1.dia.es/medias/h31/h63/9576263876638.jpg"},{"title":"ASTURIANA leche desnatada botella 1,5 lt","price":"1,25 €\n\t\t\t\t\t\t\t1,19 €","pricePerUnit":"(0,83 €/l.)\n\t\t\t\t\t\t\t (0,79 €/l.)","imgUrl":"https://s0.dia.es/medias/hab/he1/9576278687774.jpg"},{"title":"ASTURIANA leche desnatada envase 1 lt","price":"0,79 €","pricePerUnit":"(0,79 €/l.)","imgUrl":"https://s3.dia.es/medias/h68/h74/9576196505630.jpg"},{"title":"ASTURIANA Suprema leche desnatada botella 1 lt","price":"0,99 €","pricePerUnit":"(0,99 €/l.)","imgUrl":"https://s1.dia.es/medias/h0c/h4f/9576248475678.jpg"},{"title":"CELTA leche desnatada envase 1.5 lt","price":"1,19 €","pricePerUnit":"(0,79 €/l.)","imgUrl":"https://s0.dia.es/medias/h9e/h06/9645301268510.jpg"},{"title":"CELTA leche desnatada sin lactosa botella 1 lt","price":"1,15 €\n\t\t\t\t\t\t\t0,85 €","pricePerUnit":"(1,15 €/l.)\n\t\t\t\t\t\t\t (0,85 €/l.)","imgUrl":"https://s1.dia.es/medias/hc0/hcc/9645208895518.jpg"},{"title":"DIA DELICIOUS leche desnatada fresca botella 1.5 lt","price":"1,17 €","pricePerUnit":"(0,78 €/l.)","imgUrl":"https://s3.dia.es/medias/he7/hef/9241375768606.jpg"},{"title":"DIA leche desnatada botella 1.5 lt","price":"1,06 €","pricePerUnit":"(0,71 €/l.)","imgUrl":"https://s3.dia.es/medias/h95/hde/8823853482014.png"},{"title":"DIA leche desnatada envase 1 lt","price":"0,59 €","pricePerUnit":"(0,59 €/l.)","imgUrl":"https://s2.dia.es/medias/h0d/h97/8825545490462.png"},{"title":"LAUKI leche desnatada envase 1 lt","price":"0,85 €","pricePerUnit":"(0,85 €/l.)","imgUrl":"https://s0.dia.es/medias/h17/h54/9371360493598.jpg"},{"title":"PASCUAL leche desnatada envase 1 lt","price":"0,89 €","pricePerUnit":"(0,89 €/l.)","imgUrl":"https://s3.dia.es/medias/h9e/hf9/9428155203614.jpg"},{"title":"PULEVA leche desnatada sin lactosa botella 1 lt","price":"1,09 €","pricePerUnit":"(1,09 €/l.)","imgUrl":"https://s3.dia.es/medias/h23/ha6/9583081553950.jpg"},{"title":"RIO leche desnatada envase 1.5 lt","price":"1,06 €","pricePerUnit":"(0,71 €/l.)","imgUrl":"https://s3.dia.es/medias/h53/hb7/8877253034014.png"}]},"semidesnatada":{"categoryUrl":"/compra-online/productos/lacteos-y-huevos/leche/semidesnatada/c/WEB.005.046.00331","products":[{"title":"ASTURIANA leche semidesnatada botella 1,5 lt","price":"1,24 €\n\t\t\t\t\t\t\t1,19 €","pricePerUnit":"(0,83 €/l.)\n\t\t\t\t\t\t\t (0,79 €/l.)","imgUrl":"https://s1.dia.es/medias/h3c/h4f/9576322433054.jpg"},{"title":"ASTURIANA leche semidesnatada botella 2.2 lt","price":"1,59 €","pricePerUnit":"(0,72 €/l.)","imgUrl":"https://s2.dia.es/medias/hf1/hb2/9576229994526.jpg"},{"title":"ASTURIANA leche semidesnatada envase 1 lt","price":"0,79 €","pricePerUnit":"(0,79 €/l.)","imgUrl":"https://s3.dia.es/medias/h78/hfd/9576229666846.jpg"},{"title":"CELTA leche semidesnatada envase 1.5 lt","price":"1,19 €","pricePerUnit":"(0,79 €/l.)","imgUrl":"https://s2.dia.es/medias/hdc/h05/9645330726942.jpg"},{"title":"DIA DELICIOUS leche semidesnatada fresca botella 1.5 lt","price":"1,18 €","pricePerUnit":"(0,79 €/l.)","imgUrl":"https://s3.dia.es/medias/h4c/h0b/9241357811742.jpg"},{"title":"DIA leche semidesnatada botella 1.5 lt","price":"1,06 €","pricePerUnit":"(0,71 €/l.)","imgUrl":"https://s1.dia.es/medias/h6c/h57/8823984029726.png"},{"title":"DIA leche semidesnatada envase 1 lt","price":"0,60 €","pricePerUnit":"(0,60 €/l.)","imgUrl":"https://s3.dia.es/medias/h29/h89/8861821501470.png"},{"title":"LAUKI leche semidesnatada envase 1 lt","price":"0,85 €","pricePerUnit":"(0,85 €/l.)","imgUrl":"https://s2.dia.es/medias/h2a/h13/9371380154398.jpg"},{"title":"PASCUAL leche semidesnatada envase 1 lt","price":"0,89 €","pricePerUnit":"(0,89 €/l.)","imgUrl":"https://s0.dia.es/medias/h13/h4b/9428150288414.jpg"},{"title":"PRESIDENT leche semidesnatada envase 1 lt","price":"0,71 €","pricePerUnit":"(0,71 €/l.)","imgUrl":"https://s1.dia.es/medias/ha9/h7d/9606343098398.jpg"},{"title":"PULEVA leche semidesnatada calcio sin lactosa botella 1 lt","price":"1,29 €","pricePerUnit":"(1,29 €/l.)","imgUrl":"https://s3.dia.es/medias/hdf/h45/9600430178334.jpg"},{"title":"PULEVA leche semidesnatada ecológica envase 1 lt","price":"1,45 €","pricePerUnit":"(1,45 €/l.)","imgUrl":"https://s2.dia.es/medias/h23/h2e/9600457932830.jpg"},{"title":"PULEVA leche semidesnatada sin lactosa botella 1 lt","price":"1,09 €","pricePerUnit":"(1,09 €/l.)","imgUrl":"https://s0.dia.es/medias/h72/h0e/9583085486110.jpg"}]},"calcio":{"categoryUrl":"/compra-online/productos/lacteos-y-huevos/leche/calcio/c/WEB.005.046.00333","products":[{"title":"ASTURIANA leche desnatada calcio envase 1lt","price":"0,95 €","pricePerUnit":"(0,95 €/l.)","imgUrl":"https://s2.dia.es/medias/hc3/h45/9550681407518.jpg"},{"title":"ASTURIANA leche semidesnatada calcio botella 1 lt","price":"0,89 €","pricePerUnit":"(0,89 €/l.)","imgUrl":"https://s2.dia.es/medias/h5f/h65/9576277049374.jpg"},{"title":"DIA leche desnatada calcio envase 1 lt","price":"0,72 €","pricePerUnit":"(0,72 €/l.)","imgUrl":"https://s1.dia.es/medias/h59/hf8/8822175793182.png"},{"title":"DIA leche entera calcio envase 1 lt","price":"0,72 €","pricePerUnit":"(0,72 €/l.)","imgUrl":"https://s3.dia.es/medias/h5b/h83/8822448947230.png"},{"title":"DIA leche semidesnatada calcio envase 1 lt","price":"0,72 €","pricePerUnit":"(0,72 €/l.)","imgUrl":"https://s1.dia.es/medias/h08/h27/8822393896990.png"},{"title":"GERBLE bebida de avena con calcio envase 1 lt","price":"2,29 €","pricePerUnit":"(2,29 €/l.)","imgUrl":"https://s2.dia.es/medias/hf2/h7a/9027102638110.jpg"},{"title":"PASCUAL leche desnatada calcio envase 1lt","price":"1,39 €","pricePerUnit":"(1,39 €/l.)","imgUrl":"https://s0.dia.es/medias/h27/h3c/9556106215454.jpg"},{"title":"PASCUAL leche semidesnatada calcio envase 1lt","price":"1,39 €","pricePerUnit":"(1,39 €/l.)","imgUrl":"https://s0.dia.es/medias/h77/h87/9556118994974.jpg"},{"title":"PULEVA leche desnatada calcio envase 1lt","price":"1,22 €","pricePerUnit":"(1,22 €/l.)","imgUrl":"https://s3.dia.es/medias/h80/h4f/9585151803422.jpg"},{"title":"PULEVA leche entera calcio slim envase 1 lt","price":"1,22 €","pricePerUnit":"(1,22 €/l.)","imgUrl":"https://s1.dia.es/medias/hd0/h98/9585110056990.jpg"},{"title":"PULEVA leche semidesnatada calcio envase 1 lt","price":"1,22 €","pricePerUnit":"(1,22 €/l.)","imgUrl":"https://s1.dia.es/medias/h51/h87/9585120280606.jpg"},{"title":"PULEVA leche semidesnatada calcio sin lactosa botella 1 lt","price":"1,29 €","pricePerUnit":"(1,29 €/l.)","imgUrl":"https://s3.dia.es/medias/hdf/h45/9600430178334.jpg"}]},"sin-lactosa":{"categoryUrl":"/compra-online/productos/lacteos-y-huevos/leche/sin-lactosa/c/WEB.005.046.00334","products":[{"title":"ASTURIANA leche entera sin lactosa envase 1 lt","price":"0,92 €","pricePerUnit":"(0,92 €/l.)","imgUrl":"https://s2.dia.es/medias/hfa/hea/9394928844830.jpg"},{"title":"ASTURIANA leche semidesnatada sin lactosa botella 1 lt","price":"0,92 €","pricePerUnit":"(0,92 €/l.)","imgUrl":"https://s0.dia.es/medias/he6/h5d/9576302444574.jpg"},{"title":"ASTURIANA leche sin lactosa 0% M.G. botella 1 lt","price":"0,92 €","pricePerUnit":"(0,92 €/l.)","imgUrl":"https://s2.dia.es/medias/hd3/h24/9576196833310.jpg"},{"title":"CELTA leche desnatada sin lactosa botella 1 lt","price":"1,15 €\n\t\t\t\t\t\t\t0,85 €","pricePerUnit":"(1,15 €/l.)\n\t\t\t\t\t\t\t (0,85 €/l.)","imgUrl":"https://s1.dia.es/medias/hc0/hcc/9645208895518.jpg"},{"title":"CELTA leche semidesnatada sin lactosa envase 1lt","price":"1,15 €\n\t\t\t\t\t\t\t0,85 €","pricePerUnit":"(1,15 €/l.)\n\t\t\t\t\t\t\t (0,85 €/l.)","imgUrl":"https://s2.dia.es/medias/hed/hdd/9645206929438.jpg"},{"title":"DIA VITAL leche desnatada sin lactosa envase 1 lt","price":"0,74 €","pricePerUnit":"(0,74 €/l.)","imgUrl":"https://s3.dia.es/medias/h98/hc3/9129373433886.jpg"},{"title":"DIA VITAL leche entera sin lactosa envase 1 lt","price":"0,75 €","pricePerUnit":"(0,75 €/l.)","imgUrl":"https://s2.dia.es/medias/h82/h83/9115254226974.jpg"},{"title":"DIA VITAL leche semidesnatada sin lactosa envase 1 lt","price":"0,75 €","pricePerUnit":"(0,75 €/l.)","imgUrl":"https://s1.dia.es/medias/hea/h71/9129371795486.jpg"},{"title":"KAIKU leche desnatada sin lactosa 0% M.G. envase 1 lt","price":"1,25 €","pricePerUnit":"(1,25 €/l.)","imgUrl":"https://s2.dia.es/medias/he5/hbe/9613001490462.jpg"},{"title":"KAIKU leche semidesnatada sin lactosa envase 1lt","price":"1,49 €","pricePerUnit":"(1,49 €/l.)","imgUrl":"https://s3.dia.es/medias/h62/h91/9612998541342.jpg"},{"title":"PASCUAL leche desnatada sin lactosa envase 1 lt","price":"1,09 €","pricePerUnit":"(1,09 €/l.)","imgUrl":"https://s2.dia.es/medias/hfb/h4c/9548097650718.jpg"},{"title":"PASCUAL leche entera sin lactosa envase 1 lt","price":"1,09 €","pricePerUnit":"(1,09 €/l.)","imgUrl":"https://s2.dia.es/medias/h3f/hb1/9548092735518.jpg"},{"title":"PASCUAL leche semidesnatada sin lactosa envase 1 lt","price":"1,09 €","pricePerUnit":"(1,09 €/l.)","imgUrl":"https://s0.dia.es/medias/hc9/h8a/9548062687262.jpg"},{"title":"PULEVA leche desnatada sin lactosa botella 1 lt","price":"1,09 €","pricePerUnit":"(1,09 €/l.)","imgUrl":"https://s3.dia.es/medias/h23/ha6/9583081553950.jpg"},{"title":"PULEVA leche entera sin lactosa botella 1 lt","price":"1,15 €","pricePerUnit":"(1,15 €/l.)","imgUrl":"https://s1.dia.es/medias/h2c/hf9/9583097282590.jpg"},{"title":"PULEVA leche omega3 sin lactosa envase 1 lt","price":"1,49 €","pricePerUnit":"(1,49 €/l.)","imgUrl":"https://s1.dia.es/medias/hc7/h5c/9583741698078.jpg"},{"title":"PULEVA leche semidesnatada calcio sin lactosa botella 1 lt","price":"1,29 €","pricePerUnit":"(1,29 €/l.)","imgUrl":"https://s3.dia.es/medias/hdf/h45/9600430178334.jpg"},{"title":"PULEVA leche semidesnatada sin lactosa botella 1 lt","price":"1,09 €","pricePerUnit":"(1,09 €/l.)","imgUrl":"https://s0.dia.es/medias/h72/h0e/9583085486110.jpg"}]},"leches-especiales":{"categoryUrl":"/compra-online/productos/lacteos-y-huevos/leche/leches-especiales/c/WEB.005.046.00335","products":[{"title":"ALPRO bebida de arroz envase 1 lt","price":"1,95 €","pricePerUnit":"(1,95 €/l.)","imgUrl":"https://s0.dia.es/medias/h69/hed/8898075263006.jpg"},{"title":"ALPRO bebida de avena envase 1 lt","price":"1,95 €","pricePerUnit":"(1,95 €/l.)","imgUrl":"https://s1.dia.es/medias/hb8/hb7/9576305066014.jpg"},{"title":"ALPRO bebida de coco envase 1 lt","price":"1,98 €","pricePerUnit":"(1,98 €/l.)","imgUrl":"https://s2.dia.es/medias/haa/hd9/9362027839518.jpg"},{"title":"ALPRO leche de almendras envase 1 lt","price":"1,94 €","pricePerUnit":"(1,94 €/l.)","imgUrl":"https://s1.dia.es/medias/ha5/he4/9576304738334.jpg"},{"title":"ASTURIANA leche con fibra botella 1 lt","price":"1,15 €","pricePerUnit":"(1,15 €/l.)","imgUrl":"https://s2.dia.es/medias/h5a/h24/9576246050846.jpg"},{"title":"ASTURIANA leche naturcol botella 1lt","price":"1,29 €","pricePerUnit":"(1,29 €/l.)","imgUrl":"https://s2.dia.es/medias/hc6/h63/9576233926686.jpg"},{"title":"ASTURIANA Suprema leche desnatada botella 1 lt","price":"0,99 €","pricePerUnit":"(0,99 €/l.)","imgUrl":"https://s1.dia.es/medias/h0c/h4f/9576248475678.jpg"},{"title":"DIA bebida láctea omega 3 envase 1 lt","price":"0,87 €","pricePerUnit":"(0,87 €/l.)","imgUrl":"https://s1.dia.es/medias/hee/hf4/8822292709406.png"},{"title":"DIA VITAL bebida de almendras envase 1 lt","price":"1,29 €","pricePerUnit":"(1,29 €/l.)","imgUrl":"https://s0.dia.es/medias/hd8/ha5/8984112988190.jpg"},{"title":"DIA VITAL bebida de arroz envase 1 lt","price":"1,12 €","pricePerUnit":"(1,12 €/l.)","imgUrl":"https://s1.dia.es/medias/had/h9a/9004862898206.jpg"},{"title":"DIA VITAL bebida de avena envase 1 lt","price":"1,09 €","pricePerUnit":"(1,09 €/l.)","imgUrl":"https://s0.dia.es/medias/h2f/h9c/9043188973598.jpg"},{"title":"ECOCESTA bebida vegetal de almendras bio envase 1 lt","price":"2,29 €","pricePerUnit":"(2,29 €/l.)","imgUrl":"https://s2.dia.es/medias/hb4/hff/9664630358046.jpg"},{"title":"ECOCESTA bebida vegetal de arroz bio envase 1 lt","price":"1,95 €","pricePerUnit":"(1,95 €/l.)","imgUrl":"https://s2.dia.es/medias/h19/he2/9664647462942.jpg"},{"title":"ECOCESTA bebida vegetal de arroz y coco bio envase 1 lt","price":"1,95 €","pricePerUnit":"(1,95 €/l.)","imgUrl":"https://s0.dia.es/medias/hc0/h46/9664631996446.jpg"},{"title":"ECOCESTA bebida vegetal de avena bio envase 1 lt","price":"1,95 €","pricePerUnit":"(1,95 €/l.)","imgUrl":"https://s1.dia.es/medias/h79/h32/9664657621022.jpg"},{"title":"FLORA Folic B leche semidesnatada envase 1 lt","price":"1,54 €","pricePerUnit":"(1,54 €/l.)","imgUrl":"https://s0.dia.es/medias/hf0/hca/9107656507422.jpg"},{"title":"GERBLE bebida de arroz envase 1 lt","price":"2,69 €","pricePerUnit":"(2,69 €/l.)","imgUrl":"https://s2.dia.es/medias/hcd/hdc/9658933149726.jpg"},{"title":"GERBLE bebida de avena con calcio envase 1 lt","price":"2,29 €","pricePerUnit":"(2,29 €/l.)","imgUrl":"https://s2.dia.es/medias/hf2/h7a/9027102638110.jpg"},{"title":"GERBLE bebida de soja con avellanas envase 1 lt","price":"2,25 €","pricePerUnit":"(2,25 €/l.)","imgUrl":"https://s0.dia.es/medias/h69/hb8/9658949337118.jpg"},{"title":"PULEVA leche omega 3 con nueces envase 1lt","price":"1,49 €","pricePerUnit":"(1,49 €/l.)","imgUrl":"https://s2.dia.es/medias/h7e/h35/9600458260510.jpg"},{"title":"PULEVA leche omega3 envase 1 lt","price":"1,49 €","pricePerUnit":"(1,49 €/l.)","imgUrl":"https://s1.dia.es/medias/h9b/h7a/9585125195806.jpg"},{"title":"PULEVA leche omega3 sin lactosa envase 1 lt","price":"1,49 €","pricePerUnit":"(1,49 €/l.)","imgUrl":"https://s1.dia.es/medias/hc7/h5c/9583741698078.jpg"},{"title":"PULEVA preparado lacteo max cereales envase 1lt","price":"1,32 €","pricePerUnit":"(1,32 €/l.)","imgUrl":"https://s2.dia.es/medias/h67/h7f/9585748508702.jpg"},{"title":"RAM chocolate a la taza envase 1 lt","price":"1,77 €","pricePerUnit":"(1,77 €/l.)","imgUrl":"https://s3.dia.es/medias/h44/h19/9585764630558.jpg"}]},"condensada":{"categoryUrl":"/compra-online/productos/lacteos-y-huevos/leche/condensada/c/WEB.005.046.00336","products":[{"title":"DIA leche condensada bote 1 kg","price":"1,99 €","pricePerUnit":"(1,99 €/Kg.)","imgUrl":"https://s1.dia.es/medias/h63/h55/8822057304094.png"},{"title":"DIA leche condensada bote 450 gr","price":"1,48 €","pricePerUnit":"(3,29 €/Kg.)","imgUrl":"https://s1.dia.es/medias/h2b/h5c/8902223429662.png"},{"title":"DIA leche condensada desnatada bote 450 gr","price":"1,65 €","pricePerUnit":"(3,67 €/Kg.)","imgUrl":"https://s2.dia.es/medias/h87/h8b/8962563899422.jpg"},{"title":"LA LECHERA leche condensada bote 450 gr","price":"2,55 €","pricePerUnit":"(5,67 €/Kg.)","imgUrl":"https://s2.dia.es/medias/hc6/h8b/9637830033438.jpg"},{"title":"LA LECHERA leche condensada bote 740 gr","price":"2,25 €","pricePerUnit":"(3,04 €/Kg.)","imgUrl":"https://s3.dia.es/medias/hb4/hde/9578539876382.jpg"},{"title":"LA LECHERA leche condensada lata 370 gr","price":"1,57 €","pricePerUnit":"(4,24 €/Kg.)","imgUrl":"https://s2.dia.es/medias/hd5/h3e/9578719248414.jpg"},{"title":"MARDEL dulce de leche tarro 450 grs","price":"2,50 €","pricePerUnit":"(5,56 €/Kg.)","imgUrl":"https://s2.dia.es/medias/ha0/h6e/9361944346654.jpg"}]},"en-polvo-y-deshidratada":{"categoryUrl":"/compra-online/productos/lacteos-y-huevos/leche/en-polvo-y-deshidratada/c/WEB.005.046.00337","products":[{"title":"SVELTESSE leche en polvo bote 600 gr","price":"5,75 €","pricePerUnit":"(9,58 €/Kg.)","imgUrl":"https://s2.dia.es/medias/h0e/hde/9578489282590.jpg"}]},"energia-y-crecimiento":{"categoryUrl":"/compra-online/productos/lacteos-y-huevos/leche/energia-y-crecimiento/c/WEB.005.046.00338","products":[{"title":"NESTLE Energy leche crecimiento original +2 años envase 1 lt","price":"1,25 €","pricePerUnit":"(1,25 €/l.)","imgUrl":"https://s3.dia.es/medias/h21/h40/9616129425438.jpg"},{"title":"PULEVA Max energía y crecimiento envase 1 lt","price":"1,32 €","pricePerUnit":"(1,32 €/l.)","imgUrl":"https://s0.dia.es/medias/he8/hb6/9585768562718.jpg"}]},"evaporada":{"categoryUrl":"/compra-online/productos/lacteos-y-huevos/leche/evaporada/c/WEB.005.046.00339","products":[{"title":"ASTURIANA leche evaporada 7,5% M.G. envase 340 cl","price":"1,00 €","pricePerUnit":"(2,94 €/Kg.)","imgUrl":"https://s3.dia.es/medias/hf9/h61/9160261664798.jpg"},{"title":"IDEAL leche evaporada envase 525 gr","price":"1,94 €","pricePerUnit":"(3,70 €/Kg.)","imgUrl":"https://s1.dia.es/medias/h4d/h2b/9616158064670.jpg"}]},"soja":{"categoryUrl":"/compra-online/productos/lacteos-y-huevos/leche/soja/c/WEB.005.046.00341","products":[{"title":"ALPRO bebida de soja ligera envase 1 lt","price":"1,52 €","pricePerUnit":"(1,52 €/l.)","imgUrl":"https://s2.dia.es/medias/hba/hf6/9576314732574.jpg"},{"title":"ALPRO bebida soja envase 1 lt","price":"1,52 €","pricePerUnit":"(1,52 €/l.)","imgUrl":"https://s0.dia.es/medias/h64/h3e/9576251752478.jpg"},{"title":"DIA VITAL bebida de soja con chocolate pack 3 unidades 200 ml","price":"1,49 €","pricePerUnit":"(2,48 €/l.)","imgUrl":"https://s0.dia.es/medias/h37/h96/9043191136286.jpg"},{"title":"DIA VITAL bebida de soja envase 1lt","price":"0,85 €","pricePerUnit":"(0,85 €/l.)","imgUrl":"https://s1.dia.es/medias/h53/h44/9032049295390.jpg"},{"title":"DIA VITAL bebida soja light envase 1lt","price":"0,85 €","pricePerUnit":"(0,85 €/l.)","imgUrl":"https://s2.dia.es/medias/h0e/h7c/9032046739486.jpg"},{"title":"ECOCESTA bebida de soja bio envase 1 lt","price":"1,79 €","pricePerUnit":"(1,79 €/l.)","imgUrl":"https://s3.dia.es/medias/h5c/hb0/9664628064286.jpg"},{"title":"GERBLE bebida de soja ecológica envase 1 lt","price":"1,80 €","pricePerUnit":"(1,80 €/l.)","imgUrl":"https://s3.dia.es/medias/h7f/h02/9658921615390.jpg"},{"title":"GERBLE bebida soja calcio envase 1 lt","price":"2,39 €","pricePerUnit":"(2,39 €/l.)","imgUrl":"https://s2.dia.es/medias/h2f/hd2/9658930200606.jpg"},{"title":"VIVESOY bebida de avena envase 1 lt","price":"1,69 €","pricePerUnit":"(1,69 €/l.)","imgUrl":"https://s1.dia.es/medias/hcc/h59/9629940711454.jpg"},{"title":"VIVESOY bebida de soja envase 1 lt","price":"1,48 €","pricePerUnit":"(1,48 €/l.)","imgUrl":"https://s1.dia.es/medias/h94/h04/9379091021854.jpg"},{"title":"VIVESOY bebida de soja ligera envase 1lt","price":"1,48 €","pricePerUnit":"(1,48 €/l.)","imgUrl":"https://s1.dia.es/medias/hc3/h47/9535937609758.jpg"},{"title":"VIVESOY leche de almendras envase 1 lt","price":"1,69 €","pricePerUnit":"(1,69 €/l.)","imgUrl":"https://s3.dia.es/medias/h2a/h5a/9629895360542.jpg"}]}},"mantequilla-y-margarina":{"name":"Mantequillaymargarina","productTypes":["mantequilla","margarina"],"mantequilla":{"categoryUrl":"/compra-online/productos/lacteos-y-huevos/mantequilla-y-margarina/mantequilla/c/WEB.005.047.00343","products":[{"title":"ARIAS mantequilla ligera fácil de untar barqueta 235 gr","price":"2,49 €","pricePerUnit":"(10,60 €/Kg.)","imgUrl":"https://s2.dia.es/medias/h5a/h57/9674566959134.jpg"},{"title":"ARIAS mantequilla tradicional en porciones 10 uds","price":"1,35 €","pricePerUnit":"(11,74 €/Kg.)","imgUrl":"https://s0.dia.es/medias/h50/h0f/9479859306526.jpg"},{"title":"ASTURIANA mantequilla 125 gr","price":"1,11 €","pricePerUnit":"(8,88 €/Kg.)","imgUrl":"https://s1.dia.es/medias/haa/ha7/9576275083294.jpg"},{"title":"ASTURIANA mantequilla barqueta 250 g","price":"2,29 €","pricePerUnit":"(9,16 €/Kg.)","imgUrl":"https://s0.dia.es/medias/h51/h63/9576280981534.jpg"},{"title":"ASTURIANA mantequilla con sal barqueta 250 gr","price":"2,29 €","pricePerUnit":"(9,16 €/Kg.)","imgUrl":"https://s1.dia.es/medias/h23/h4b/9576192245790.jpg"},{"title":"ASTURIANA mantequilla ligera fácil de untar tarrina 250 gr","price":"2,39 €","pricePerUnit":"(9,56 €/Kg.)","imgUrl":"https://s1.dia.es/medias/h02/he3/9576219279390.jpg"},{"title":"ASTURIANA mantequilla ligera sin lactosa barqueta 250 gr","price":"2,09 €","pricePerUnit":"(8,36 €/Kg.)","imgUrl":"https://s1.dia.es/medias/h09/hae/9607178387486.jpg"},{"title":"ASTURIANA mantequilla rol 250 gr","price":"2,25 €","pricePerUnit":"(9,00 €/Kg.)","imgUrl":"https://s3.dia.es/medias/h8a/h3c/9576261910558.jpg"},{"title":"IMPERIAL mantequilla asturiana lata 250 gr","price":"4,09 €","pricePerUnit":"(16,36 €/Kg.)","imgUrl":"https://s0.dia.es/medias/h9f/hb3/9247065210910.jpg"},{"title":"KERRYGOLD mantequilla sin sal barqueta 200 gr","price":"2,75 €","pricePerUnit":"(13,75 €/Kg.)","imgUrl":"https://s1.dia.es/medias/hfe/h5e/9497397559326.jpg"},{"title":"PRESIDENT mantequilla 250 gr","price":"2,79 €","pricePerUnit":"(11,16 €/Kg.)","imgUrl":"https://s2.dia.es/medias/hac/h65/9596007874590.jpg"}]},"margarina":{"categoryUrl":"/compra-online/productos/lacteos-y-huevos/mantequilla-y-margarina/margarina/c/WEB.005.047.00344","products":[{"title":"ARTUA margarina barqueta 500 g","price":"3,05 €","pricePerUnit":"(6,10 €/Kg.)","imgUrl":"https://s2.dia.es/medias/h8e/h08/9662482251806.jpg"},{"title":"DIA margarina vitaminada barqueta 500 g","price":"0,85 €","pricePerUnit":"(1,70 €/Kg.)","imgUrl":"https://s1.dia.es/medias/h3a/he6/9565849649182.jpg"},{"title":"DIA margarina vitaminada con sal 500 g","price":"0,85 €","pricePerUnit":"(1,70 €/Kg.)","imgUrl":"https://s2.dia.es/medias/h6e/h0d/9565920624670.jpg"},{"title":"FLORA margarina barqueta 500 gr","price":"2,19 €","pricePerUnit":"(4,38 €/Kg.)","imgUrl":"https://s2.dia.es/medias/he3/hcc/9607930216478.jpg"},{"title":"FLORA OLIVA margarina barqueta 250 g","price":"1,39 €","pricePerUnit":"(5,56 €/Kg.)","imgUrl":"https://s1.dia.es/medias/h9f/h48/9589939863582.jpg"},{"title":"FLORA PROACTIVE margarina barqueta 250 g","price":"2,30 €","pricePerUnit":"(9,20 €/Kg.)","imgUrl":"https://s0.dia.es/medias/h66/h72/9369591250974.jpg"},{"title":"LIGERESA margarina barqueta 250 gr","price":"1,20 €","pricePerUnit":"(4,80 €/Kg.)","imgUrl":"https://s0.dia.es/medias/h5d/h41/9664414285854.jpg"},{"title":"TULIPÁN margarina barqueta 250 g","price":"0,99 €","pricePerUnit":"(3,96 €/Kg.)","imgUrl":"https://s2.dia.es/medias/h00/hec/9656195776542.jpg"},{"title":"TULIPÁN margarina barqueta 500 g","price":"1,70 €","pricePerUnit":"(3,40 €/Kg.)","imgUrl":"https://s0.dia.es/medias/he0/he6/9607938736158.jpg"},{"title":"TULIPÁN margarina con sal barqueta 250 gr","price":"1,05 €","pricePerUnit":"(4,20 €/Kg.)","imgUrl":"https://s1.dia.es/medias/h0b/ha4/9639197900830.jpg"}]}},"nata":{"name":"Nata","productTypes":["para-cocinar","para-montar"],"para-cocinar":{"categoryUrl":"/compra-online/productos/lacteos-y-huevos/nata/para-cocinar/c/WEB.005.048.00345","products":[{"title":"ASTURIANA nata cocinar bote 200 ml","price":"0,99 €","pricePerUnit":"(4,95 €/l.)","imgUrl":"https://s2.dia.es/medias/hbf/h20/9576277704734.jpg"},{"title":"ASTURIANA nata para cocinar envase 500 ml","price":"1,98 €","pricePerUnit":"(3,96 €/l.)","imgUrl":"https://s2.dia.es/medias/hdb/h55/9576246837278.jpg"},{"title":"DIA nata líquida para cocinar 18% M.G. pack 3 unidades 200 ml","price":"1,29 €","pricePerUnit":"(2,15 €/l.)","imgUrl":"https://s1.dia.es/medias/hd4/h3e/9583088500766.jpg"},{"title":"DIA nata para cocinar envase 500 ml","price":"1,05 €","pricePerUnit":"(2,10 €/l.)","imgUrl":"https://s0.dia.es/medias/h32/h6f/8823047618590.png"},{"title":"KAIKU nata para cocinar sin lactosa envase 200 ml","price":"1,41 €","pricePerUnit":"(7,05 €/l.)","imgUrl":"https://s1.dia.es/medias/h95/hf0/9359278669854.jpg"},{"title":"PULEVA nata para cocinar slim 200 ml","price":"1,20 €","pricePerUnit":"(6,00 €/l.)","imgUrl":"https://s1.dia.es/medias/h6a/h01/9373070622750.jpg"}]},"para-montar":{"categoryUrl":"/compra-online/productos/lacteos-y-huevos/nata/para-montar/c/WEB.005.048.00346","products":[{"title":"ASTURIANA nata azucarada spray 250 ml","price":"1,99 €","pricePerUnit":"(7,96 €/l.)","imgUrl":"https://s3.dia.es/medias/h9a/h9c/9576303099934.jpg"},{"title":"ASTURIANA nata montada ligera spray 250 ml","price":"1,99 €","pricePerUnit":"(7,96 €/l.)","imgUrl":"https://s2.dia.es/medias/h55/h1c/9576210923550.jpg"},{"title":"ASTURIANA nata para  montar envase 1lt","price":"3,57 €","pricePerUnit":"(3,57 €/l.)","imgUrl":"https://s1.dia.es/medias/h7a/h04/9576256995358.jpg"},{"title":"ASTURIANA nata para montar bote 200 ml","price":"0,99 €","pricePerUnit":"(4,95 €/l.)","imgUrl":"https://s1.dia.es/medias/h92/h49/9576228028446.jpg"},{"title":"ASTURIANA nata para montar envase 500 ml","price":"1,98 €","pricePerUnit":"(3,96 €/l.)","imgUrl":"https://s3.dia.es/medias/hb8/h9a/9576192573470.jpg"},{"title":"DIA nata para montar pack 3 unidades 200 ml","price":"1,49 €","pricePerUnit":"(2,48 €/l.)","imgUrl":"https://s0.dia.es/medias/h1f/h69/9583086207006.jpg"},{"title":"DIA nata spray 250 ml","price":"0,99 €","pricePerUnit":"(3,96 €/l.)","imgUrl":"https://s2.dia.es/medias/h93/hfa/8823309238302.png"}]}},"postres":{"name":"Postres","productTypes":["arroz-con-leche","copa","crema","cuajada","flan","gelatina","mousse","natillas","tartas","otros-postres"],"arroz-con-leche":{"categoryUrl":"/compra-online/productos/lacteos-y-huevos/postres/arroz-con-leche/c/WEB.005.049.00347","products":[{"title":"DANONE arroz con leche pack 2 unidades 130 gr","price":"1,09 €","pricePerUnit":"(4,19 €/Kg.)","imgUrl":"https://s1.dia.es/medias/hd9/h12/9647327248414.jpg"},{"title":"DIA arroz con leche pack 4 unidades 130 gr","price":"1,10 €","pricePerUnit":"(2,12 €/Kg.)","imgUrl":"https://s1.dia.es/medias/h5a/h3f/8823023960094.png"},{"title":"REINA arroz con leche pack 4 unidades 130 gr","price":"1,59 €","pricePerUnit":"(3,06 €/Kg.)","imgUrl":"https://s2.dia.es/medias/hfc/h97/9160296431646.jpg"}]},"copa":{"categoryUrl":"/compra-online/productos/lacteos-y-huevos/postres/copa/c/WEB.005.049.00348","products":[{"title":"DANONE copa chocolate 2 unidades x 110 gr","price":"1,00 €","pricePerUnit":"(4,55 €/Kg.)","imgUrl":"https://s2.dia.es/medias/h18/ha7/9647332163614.jpg"},{"title":"DIA copa chocolate liegeoise pack 4 unidades 115 gr","price":"0,85 €","pricePerUnit":"(1,85 €/Kg.)","imgUrl":"https://s3.dia.es/medias/h8e/haf/8824034361374.png"}]},"crema":{"categoryUrl":"/compra-online/productos/lacteos-y-huevos/postres/crema/c/WEB.005.049.00349","products":[{"title":"CLESA crema bombón 0,7% M.G. pack 4 unidades 125 gr","price":"1,19 €","pricePerUnit":"(2,38 €/Kg.)","imgUrl":"https://s0.dia.es/medias/hd6/hb0/9594278215710.jpg"},{"title":"DIA mousse de chocolate pack 4 unidades 240 gr","price":"0,68 €","pricePerUnit":"(2,83 €/Kg.)","imgUrl":"https://s3.dia.es/medias/h6c/he4/8822384459806.png"}]},"cuajada":{"categoryUrl":"/compra-online/productos/lacteos-y-huevos/postres/cuajada/c/WEB.005.049.00350","products":[{"title":"DANONE cuajada sin azúcar pack 2 unidades 135 gr","price":"1,00 €","pricePerUnit":"(3,70 €/Kg.)","imgUrl":"https://s2.dia.es/medias/h98/hb7/9647405826078.jpg"},{"title":"DIA cuajada pack 4 unidades 125 gr","price":"0,95 €","pricePerUnit":"(1,90 €/Kg.)","imgUrl":"https://s1.dia.es/medias/hda/hc1/9654393339934.jpg"}]},"flan":{"categoryUrl":"/compra-online/productos/lacteos-y-huevos/postres/flan/c/WEB.005.049.00351","products":[{"title":"DANONE flan de queso pack 4 unidades 100 gr","price":"2,00 €","pricePerUnit":"(5,00 €/Kg.)","imgUrl":"https://s3.dia.es/medias/h74/had/9647358705694.jpg"},{"title":"DANONE flan de vainilla pack 4 unidades 100 g","price":"1,39 €","pricePerUnit":"(3,47 €/Kg.)","imgUrl":"https://s1.dia.es/medias/hb0/ha3/9647348219934.jpg"},{"title":"DHUL flan de huevo al baño maría pack 4 unidades 110 g","price":"1,99 €","pricePerUnit":"(4,52 €/Kg.)","imgUrl":"https://s2.dia.es/medias/hee/hdf/9624565514270.jpg"},{"title":"DIA DELICIOUS flan de queso pack 4 unidades 100 gr","price":"1,72 €","pricePerUnit":"(4,30 €/Kg.)","imgUrl":"https://s1.dia.es/medias/hb5/h25/8883807584286.png"},{"title":"DIA flan de huevo pack 4 unidades 100 gr","price":"1,07 €","pricePerUnit":"(2,68 €/Kg.)","imgUrl":"https://s1.dia.es/medias/ha7/h3d/9082950811678.jpg"},{"title":"DIA flan de vainilla pack 6 unidades 100 gr","price":"0,69 €","pricePerUnit":"(1,15 €/Kg.)","imgUrl":"https://s1.dia.es/medias/hba/h71/8823080124446.png"},{"title":"REINA flan café pack 4 unidades 100 g","price":"1,25 €","pricePerUnit":"(3,13 €/Kg.)","imgUrl":"https://s1.dia.es/medias/hb1/h9e/9114657423390.jpg"},{"title":"REINA flan de huevo pack 6 unidades 100 gr","price":"2,24 €","pricePerUnit":"(3,73 €/Kg.)","imgUrl":"https://s3.dia.es/medias/h7b/h47/8979674234910.jpg"},{"title":"REINA flan de huevopack 4 unidades 110 g","price":"1,25 €","pricePerUnit":"(2,84 €/Kg.)","imgUrl":"https://s0.dia.es/medias/h00/hbc/9158837600286.jpg"},{"title":"REINA flan de queso pack 4 unidades 100 gr","price":"1,79 €","pricePerUnit":"(4,48 €/Kg.)","imgUrl":"https://s0.dia.es/medias/he3/h73/9092545183774.jpg"},{"title":"REINA surtido flanes sabores pack 6 unidades 100 g","price":"1,95 €","pricePerUnit":"(3,25 €/Kg.)","imgUrl":"https://s1.dia.es/medias/h1f/h8f/9092182933534.jpg"}]},"gelatina":{"categoryUrl":"/compra-online/productos/lacteos-y-huevos/postres/gelatina/c/WEB.005.049.00352","products":[{"title":"DIA gelatina sabor frutos rojos pack 4 unidades 100 gr","price":"0,99 €","pricePerUnit":"(2,47 €/Kg.)","imgUrl":"https://s1.dia.es/medias/h51/h61/9607949647902.jpg"},{"title":"DIA postre gelificado de fresa pack  6 unidades 100 gr","price":"0,85 €","pricePerUnit":"(1,42 €/Kg.)","imgUrl":"https://s3.dia.es/medias/h85/h61/8823226925086.png"},{"title":"DIA postre gelificado de fresa, limón y multifrutas pack 6 unidades 100 gr","price":"0,89 €","pricePerUnit":"(1,48 €/Kg.)","imgUrl":"https://s2.dia.es/medias/hd2/h5a/8824034885662.png"},{"title":"ROYAL gelatina sabor fresa light pack 4 unidades 100 gr","price":"1,45 €","pricePerUnit":"(3,62 €/Kg.)","imgUrl":"https://s2.dia.es/medias/h55/h83/9601836843038.jpg"}]},"mousse":{"categoryUrl":"/compra-online/productos/lacteos-y-huevos/postres/mousse/c/WEB.005.049.00353","products":[{"title":"DIA DELICIOUS mousse de chocolate belga pack 4 unidades 60 gr","price":"1,09 €","pricePerUnit":"(4,54 €/Kg.)","imgUrl":"https://s3.dia.es/medias/h4e/hfb/8883895205918.png"},{"title":"NESTLE GOLD mousse crujiente chocolate pack 4 unidades x 57 gr","price":"1,89 €","pricePerUnit":"(8,29 €/Kg.)","imgUrl":"https://s0.dia.es/medias/hcf/h41/9619067109406.jpg"}]},"natillas":{"categoryUrl":"/compra-online/productos/lacteos-y-huevos/postres/natillas/c/WEB.005.049.00354","products":[{"title":"DAIRY FOR FUN natilla con sorpresa de chocolate y vainilla vaso 70 gr","price":"1,00 €","pricePerUnit":"(14,29 €/Kg.)","imgUrl":"https://s3.dia.es/medias/h0e/hae/8980708655134.jpg"},{"title":"DANONE DANET doble placer chocolate con nata pack 4 unidades 100 gr","price":"1,99 €","pricePerUnit":"(4,98 €/Kg.)","imgUrl":"https://s0.dia.es/medias/h8d/ha0/9591306747934.jpg"},{"title":"DANONE DANET natillas de chocolate pack 4 unidades 115 gr","price":"1,99 €","pricePerUnit":"(4,33 €/Kg.)","imgUrl":"https://s1.dia.es/medias/h7c/h2c/9647420309534.jpg"},{"title":"DANONE DANET natillas vainilla pack 4 unidades 115 gr","price":"1,99 €","pricePerUnit":"(4,33 €/Kg.)","imgUrl":"https://s2.dia.es/medias/h45/hf3/9647348547614.jpg"},{"title":"DANONE DANET natillas vainilla pack 8 unidades 125 gr","price":"3,05 €","pricePerUnit":"(3,05 €/Kg.)","imgUrl":"https://s0.dia.es/medias/ha6/h98/9647322988574.jpg"},{"title":"DANONE DANET sabor vainilla con nata pack 4 unidades 100 gr","price":"1,99 €","pricePerUnit":"(4,98 €/Kg.)","imgUrl":"https://s0.dia.es/medias/hae/hb0/9611087675422.jpg"},{"title":"DIA natillas chocolate pack 6 unidades 125 gr","price":"1,04 €","pricePerUnit":"(1,39 €/Kg.)","imgUrl":"https://s0.dia.es/medias/h47/h3b/9023471157278.jpg"},{"title":"DIA natillas con galleta pack 4 unidades 125 g","price":"0,99 €","pricePerUnit":"(1,98 €/Kg.)","imgUrl":"https://s1.dia.es/medias/h4d/hf4/8823138320414.png"},{"title":"DIA natillas de chocolate con bizcocho pack 4 unidades 125 gr","price":"1,25 €","pricePerUnit":"(2,50 €/Kg.)","imgUrl":"https://s2.dia.es/medias/h55/h7e/8969145450526.jpg"},{"title":"DIA natillas vainilla pack 6 unidades 125 gr","price":"1,15 €","pricePerUnit":"(1,53 €/Kg.)","imgUrl":"https://s3.dia.es/medias/h5e/h48/9670960218142.jpg"},{"title":"REINA natillas con galleta pack 4 unidades 125 g","price":"1,15 €","pricePerUnit":"(2,30 €/Kg.)","imgUrl":"https://s3.dia.es/medias/h4d/h6e/9652695498782.jpg"},{"title":"REINA natillas de chocolate con bizcocho pack 4 unidades 125 gr","price":"1,43 €","pricePerUnit":"(2,86 €/Kg.)","imgUrl":"https://s2.dia.es/medias/h63/hcf/9062784237598.jpg"},{"title":"REINA natillas de vainilla equilibrio pack 4 unidades 125 g","price":"1,29 €","pricePerUnit":"(2,58 €/Kg.)","imgUrl":"https://s1.dia.es/medias/h76/h0b/9061749162014.jpg"}]},"tartas":{"categoryUrl":"/compra-online/productos/lacteos-y-huevos/postres/tartas/c/WEB.005.049.00356","products":[{"title":"DIA DELICIOUS cheesecake pack 2 unidades 90 gr","price":"1,51 €","pricePerUnit":"(8,39 €/Kg.)","imgUrl":"https://s0.dia.es/medias/h95/h06/8883882623006.png"},{"title":"DIA tarta de queso envase 200g","price":"1,16 €","pricePerUnit":"(5,80 €/Kg.)","imgUrl":"https://s2.dia.es/medias/hd8/h85/8823064920094.png"}]},"otros-postres":{"categoryUrl":"/compra-online/productos/lacteos-y-huevos/postres/otros-postres/c/WEB.005.049.00357","products":[{"title":"DIA DELICIOUS serradura postre típico portugues pack 2 unidades 85 gr","price":"1,25 €","pricePerUnit":"(7,35 €/Kg.)","imgUrl":"https://s1.dia.es/medias/hb7/h49/8861429465118.png"},{"title":"DIA DELICIOUS tarta de chocolate blanco pack 2 unidades 70 gr","price":"1,51 €","pricePerUnit":"(10,79 €/Kg.)","imgUrl":"https://s3.dia.es/medias/h70/h9a/8883844349982.png"},{"title":"DIA tocino de cielo pack 2 unidades 100 gr","price":"1,31 €","pricePerUnit":"(6,55 €/Kg.)","imgUrl":"https://s0.dia.es/medias/h4b/h7a/9252422746142.jpg"}]}},"yogures":{"name":"Yogures","productTypes":["yogur-natural","yogur-natural-desnatado","yogur-con-frutas","yogur-con-frutas-desnatado","yogur-sabores","yogur-sabores-desnatado","yogur-griego","bifidus","bifidus-desnatado","soja","liquidos","lcasei","cremosos-y-enriquecidos","especiales","petit-e-infantiles"],"yogur-natural":{"categoryUrl":"/compra-online/productos/lacteos-y-huevos/yogures/yogur-natural/c/WEB.005.050.00363","products":[{"title":"DANONE 1919 yogur natural cremoso azucarado pack 4 unidades 120 gr","price":"1,77 €","pricePerUnit":"(3,69 €/Kg.)","imgUrl":"https://s2.dia.es/medias/h87/h07/9590691168286.jpg"},{"title":"DANONE 1919 yogur natural cremoso pack 4 unidades 120 gr","price":"1,77 €","pricePerUnit":"(3,69 €/Kg.)","imgUrl":"https://s3.dia.es/medias/h1d/h56/9590715613214.jpg"},{"title":"DANONE ACTIVIA bífidus natural azucarado pack 8 unidades 125 gr","price":"3,09 €","pricePerUnit":"(3,09 €/Kg.)","imgUrl":"https://s2.dia.es/medias/h61/h74/9670945931294.jpg"},{"title":"DANONE Eco yogur natural pack 4 unidades 125 gr","price":"1,79 €","pricePerUnit":"(3,58 €/Kg.)","imgUrl":"https://s2.dia.es/medias/h49/heb/9611996397598.jpg"},{"title":"DANONE yogur natural a tu gusto vaso 480 gr","price":"1,79 €","pricePerUnit":"(3,73 €/Kg.)","imgUrl":"https://s1.dia.es/medias/hec/hb7/9619061538846.jpg"},{"title":"DANONE yogur natural azucarado pack 4 unidades 125 g","price":"1,09 €","pricePerUnit":"(2,18 €/Kg.)","imgUrl":"https://s3.dia.es/medias/ha8/h4b/9647365718046.jpg"},{"title":"DANONE yogur natural azucarado pack 8 unidades 125 g","price":"1,99 €","pricePerUnit":"(1,99 €/Kg.)","imgUrl":"https://s2.dia.es/medias/he2/h13/9647431122974.jpg"},{"title":"DANONE yogur natural pack 4 unidades 125 gr","price":"1,09 €","pricePerUnit":"(2,18 €/Kg.)","imgUrl":"https://s1.dia.es/medias/h22/hfe/9647333474334.jpg"},{"title":"DANONE yogur natural pack 8 unidades 125 g","price":"1,99 €","pricePerUnit":"(1,99 €/Kg.)","imgUrl":"https://s1.dia.es/medias/hff/hd8/9647312437278.jpg"},{"title":"DANONE yogur original natural pack 2 unidades 135 gr","price":"1,09 €","pricePerUnit":"(4,04 €/Kg.)","imgUrl":"https://s0.dia.es/medias/h09/hc3/9647200600094.jpg"},{"title":"DIA yogur natural azucarado pack 12 unidades 125 g","price":"1,48 €","pricePerUnit":"(0,99 €/Kg.)","imgUrl":"https://s1.dia.es/medias/hf1/h1f/9607944831006.jpg"},{"title":"DIA yogur natural azucarado pack 6 unidades 125 g","price":"0,73 €","pricePerUnit":"(0,97 €/Kg.)","imgUrl":"https://s2.dia.es/medias/h1f/h38/9607946797086.jpg"},{"title":"DIA yogur natural pack 6 unidades 125 gr","price":"0,73 €","pricePerUnit":"(0,97 €/Kg.)","imgUrl":"https://s0.dia.es/medias/hec/h87/9658872594462.jpg"},{"title":"KAIKU yogur natural azucarado sin lactosa pack 4 unidades 125 gr","price":"1,69 €","pricePerUnit":"(3,38 €/Kg.)","imgUrl":"https://s1.dia.es/medias/ha1/h59/9652833091614.jpg"},{"title":"PASTORET yogur natural cremoso artesano vaso 500 gr","price":"1,90 €","pricePerUnit":"(3,80 €/Kg.)","imgUrl":"https://s1.dia.es/medias/haf/hc2/9633147912222.jpg"}]},"yogur-natural-desnatado":{"categoryUrl":"/compra-online/productos/lacteos-y-huevos/yogures/yogur-natural-desnatado/c/WEB.005.050.00362","products":[{"title":"DANONE DENSIA yogur natural 0% M.G. edulcorado pack 4 unidades 120 gr","price":"1,69 €","pricePerUnit":"(3,52 €/Kg.)","imgUrl":"https://s1.dia.es/medias/hca/h33/9647387410462.jpg"},{"title":"DANONE VITALINEA yogur cremoso natural edulcorado pack 4 unidades 125 g","price":"1,69 €","pricePerUnit":"(3,38 €/Kg.)","imgUrl":"https://s3.dia.es/medias/h02/ha2/9650386468894.jpg"},{"title":"DANONE VITALINEA yogur natural desnatado pack 4 unidades 125 g","price":"1,29 €","pricePerUnit":"(2,58 €/Kg.)","imgUrl":"https://s0.dia.es/medias/h56/he2/9650367070238.jpg"},{"title":"DANONE VITALINEA yogur natural edulcorado pack 8 unidades 125 gr","price":"1,95 €","pricePerUnit":"(1,95 €/Kg.)","imgUrl":"https://s2.dia.es/medias/h61/h3c/9650370084894.jpg"},{"title":"DANONE VITALINEA yogur natural edulcurado pack 4 unidades 125 gr","price":"1,29 €","pricePerUnit":"(2,58 €/Kg.)","imgUrl":"https://s3.dia.es/medias/h18/h75/9650390401054.jpg"},{"title":"DANONE Yopro yogur natural desnatado proteínas pack 2 x 160 gr","price":"1,99 €","pricePerUnit":"(6,22 €/Kg.)","imgUrl":"https://s3.dia.es/medias/h5a/h9c/9611990827038.jpg"},{"title":"DIA yogur natural desnatado edulcorado pack 6 unidades 125 g","price":"0,73 €","pricePerUnit":"(0,97 €/Kg.)","imgUrl":"https://s3.dia.es/medias/h84/hd8/8823982456862.png"},{"title":"DIA yogur natural desnatado pack 6 unidades 125 g","price":"0,73 €","pricePerUnit":"(0,97 €/Kg.)","imgUrl":"https://s1.dia.es/medias/hb4/h09/8824006574110.png"},{"title":"KAIKU yogur natural desnatado sin lactosa pack 4 unidades 125 gr","price":"1,69 €","pricePerUnit":"(3,38 €/Kg.)","imgUrl":"https://s1.dia.es/medias/h62/h88/9652757561374.jpg"}]},"yogur-con-frutas":{"categoryUrl":"/compra-online/productos/lacteos-y-huevos/yogures/yogur-con-frutas/c/WEB.005.050.00360","products":[{"title":"DANONE yogur original con fresas pack 2 unidades 135 gr","price":"1,09 €","pricePerUnit":"(4,04 €/Kg.)","imgUrl":"https://s0.dia.es/medias/h11/h17/9647274098718.jpg"},{"title":"DIA yogur con frutas panache pack 8 unidades 125 g","price":"1,69 €","pricePerUnit":"(1,69 €/Kg.)","imgUrl":"https://s2.dia.es/medias/he2/hb4/8822055206942.png"}]},"yogur-con-frutas-desnatado":{"categoryUrl":"/compra-online/productos/lacteos-y-huevos/yogures/yogur-con-frutas-desnatado/c/WEB.005.050.00361","products":[{"title":"DANONE Light&free yogur con coco 0% M.G. pack 4 unidades 115 gr","price":"1,99 €","pricePerUnit":"(4,33 €/Kg.)","imgUrl":"https://s2.dia.es/medias/h96/hf3/9535912706078.jpg"},{"title":"DANONE Light&free yogur con piña y agua de coco 0% M.G. pack 4 unidades 115 gr","price":"1,99 €","pricePerUnit":"(4,33 €/Kg.)"},{"title":"DANONE Light&free yogur líquido con arándanos y granada 0% M.G. botella 241 ml","price":"1,20 €","pricePerUnit":"(4,90 €/l.)","imgUrl":"https://s3.dia.es/medias/hae/h89/9628955705374.jpg"},{"title":"DANONE Light&free yogur líquido con mango, maracuya y goji 0% M.G. botella 241 ml","price":"1,20 €","pricePerUnit":"(4,90 €/l.)","imgUrl":"https://s1.dia.es/medias/h11/he2/9628960620574.jpg"},{"title":"DANONE VITALINEA satisfacción yogur fresa pack 4 unidades 135 g","price":"2,19 €","pricePerUnit":"(4,06 €/Kg.)","imgUrl":"https://s3.dia.es/medias/h01/h5f/9650414125086.jpg"},{"title":"DIA yogur desnatado 0% con frutas pack 8 unidades 125 gr","price":"1,80 €","pricePerUnit":"(1,80 €/Kg.)","imgUrl":"https://s2.dia.es/medias/hf4/ha1/8822013591582.png"},{"title":"DIA yogur panache con frutas desnatado pack 4 unidades 125 gr","price":"1,14 €","pricePerUnit":"(2,28 €/Kg.)","imgUrl":"https://s1.dia.es/medias/h36/ha7/8821961621534.png"}]},"yogur-sabores":{"categoryUrl":"/compra-online/productos/lacteos-y-huevos/yogures/yogur-sabores/c/WEB.005.050.00364","products":[{"title":"CLESA crema bombón de chocolate pack 4 unidades 125 g","price":"1,19 €","pricePerUnit":"(2,38 €/Kg.)","imgUrl":"https://s2.dia.es/medias/h94/h51/9594279198750.jpg"},{"title":"CLESA yogur sabor galleta pack 4 unidades 125 gr","price":"0,89 €","pricePerUnit":"(1,78 €/Kg.)","imgUrl":"https://s0.dia.es/medias/h7b/he9/9594326974494.jpg"},{"title":"DANONE Eco yogur sabor limón pack 4 unidades 125 gr","price":"1,79 €","pricePerUnit":"(3,58 €/Kg.)","imgUrl":"https://s0.dia.es/medias/he0/h61/9611995742238.jpg"},{"title":"DANONE yogur coco pack 4 unidades 125 gr","price":"1,09 €","pricePerUnit":"(2,18 €/Kg.)","imgUrl":"https://s2.dia.es/medias/hfe/hab/9647322660894.jpg"},{"title":"DANONE yogur fresa pack 4 unidades 125 gr","price":"1,09 €","pricePerUnit":"(2,18 €/Kg.)","imgUrl":"https://s2.dia.es/medias/hcf/hda/9647411462174.jpg"},{"title":"DANONE yogur fresa, macedonia, fresa y plátano y galleta pack 12 unidades 125 gr","price":"2,79 €","pricePerUnit":"(1,86 €/Kg.)","imgUrl":"https://s3.dia.es/medias/h29/h43/9650404491294.jpg"},{"title":"DANONE yogur fresa, macedonia, limón y galleta pack 8 unidades 125 gr","price":"1,99 €","pricePerUnit":"(1,99 €/Kg.)","imgUrl":"https://s3.dia.es/medias/hd5/ha8/9647367028766.jpg"},{"title":"DANONE yogur limón pack 4 unidades 125 gr","price":"1,09 €","pricePerUnit":"(2,18 €/Kg.)","imgUrl":"https://s3.dia.es/medias/h82/h48/9647441281054.jpg"},{"title":"DANONE yogur macedonia pack 4 unidades 125 gr","price":"1,09 €","pricePerUnit":"(2,18 €/Kg.)","imgUrl":"https://s2.dia.es/medias/h3f/hac/9647366701086.jpg"},{"title":"DANONE yogur sabor frutos del bosque-coco-fresa-macedonia pack 8 uds 125 gr","price":"1,99 €","pricePerUnit":"(1,99 €/Kg.)","imgUrl":"https://s2.dia.es/medias/h43/h33/9647184740382.jpg"},{"title":"DANONE yogur sabor plátano pack 4 unidades 125 gr","price":"1,09 €","pricePerUnit":"(2,18 €/Kg.)","imgUrl":"https://s2.dia.es/medias/h24/hca/9647315714078.jpg"},{"title":"DANONE yogur sabor tarta de queso-macedonia-fresa-plátano pack 8 uds 125 gr","price":"1,99 €","pricePerUnit":"(1,99 €/Kg.)","imgUrl":"https://s3.dia.es/medias/h00/h27/9647192440862.jpg"},{"title":"DIA yogur fresa-plátano pack 8 unidades 125 g","price":"1,09 €","pricePerUnit":"(1,09 €/Kg.)","imgUrl":"https://s2.dia.es/medias/h4e/h43/9607945158686.jpg"},{"title":"DIA yogur sabores multipack 16 uds","price":"2,00 €","pricePerUnit":"(1,00 €/Kg.)","imgUrl":"https://s1.dia.es/medias/h1c/h31/9654391373854.jpg"}]},"yogur-sabores-desnatado":{"categoryUrl":"/compra-online/productos/lacteos-y-huevos/yogures/yogur-sabores-desnatado/c/WEB.005.050.00365","products":[{"title":"DANONE DENSIA yogur desnatado fresa pack 4 unidades 120 gr","price":"1,69 €","pricePerUnit":"(3,52 €/Kg.)","imgUrl":"https://s3.dia.es/medias/hd0/h40/9647408447518.jpg"},{"title":"DANONE VITALINEA yogur desnatado chocolate pack 4 unidades 125 gr","price":"2,05 €","pricePerUnit":"(4,10 €/Kg.)","imgUrl":"https://s1.dia.es/medias/h17/h18/9650369757214.jpg"},{"title":"DANONE VITALINEA yogur desnatado sabor fresa pack 4 unidades 125 gr","price":"1,29 €","pricePerUnit":"(2,58 €/Kg.)","imgUrl":"https://s2.dia.es/medias/h97/h4a/9650368774174.jpg"},{"title":"DANONE VITALINEA yogur desnatado sabor limón pack 4 unidades 125 gr","price":"1,29 €","pricePerUnit":"(2,58 €/Kg.)","imgUrl":"https://s0.dia.es/medias/hc9/h5c/9535703384094.jpg"},{"title":"DIA yogur panache desnatado fresa/limón/piña pack 6 unidades 125 g","price":"0,81 €","pricePerUnit":"(1,08 €/Kg.)","imgUrl":"https://s0.dia.es/medias/hd7/ha5/8834413559838.png"}]},"yogur-griego":{"categoryUrl":"/compra-online/productos/lacteos-y-huevos/yogures/yogur-griego/c/WEB.005.050.00678","products":[{"title":"DANONE OIKOS yogur griego al toque de lima-limón pack 2 unidades 115 gr","price":"1,09 €","pricePerUnit":"(4,74 €/Kg.)","imgUrl":"https://s3.dia.es/medias/h4f/hae/9636895621150.jpg"},{"title":"DANONE OIKOS yogur griego con avellanas y caramelo pack 2 unidades 115 gr","price":"1,19 €","pricePerUnit":"(5,41 €/Kg.)","imgUrl":"https://s0.dia.es/medias/hf8/hfa/9542476103710.jpg"},{"title":"DANONE OIKOS yogur griego con caramelo pack 2 unidades 115 gr","price":"1,19 €","pricePerUnit":"(5,17 €/Kg.)","imgUrl":"https://s2.dia.es/medias/h87/he3/9636889657374.jpg"},{"title":"DANONE OIKOS yogur griego con caramelo y plátano pack 2 unidades 115 gr","price":"1,19 €","pricePerUnit":"(5,17 €/Kg.)","imgUrl":"https://s1.dia.es/medias/h2c/hc2/9536139329566.jpg"},{"title":"DANONE OIKOS yogur griego con fresas pack 2 unidades 115 gr","price":"1,09 €","pricePerUnit":"(4,95 €/Kg.)","imgUrl":"https://s3.dia.es/medias/h72/h51/9636892344350.jpg"},{"title":"DANONE OIKOS yogur griego con higo, manzana y canela pack 2 unidades 115 gr","price":"1,59 €","pricePerUnit":"(6,91 €/Kg.)","imgUrl":"https://s0.dia.es/medias/h2a/hc8/9644394086430.jpg"},{"title":"DANONE OIKOS yogur griego con manzana y canela pack 2 unidades 115 gr","price":"1,19 €","pricePerUnit":"(5,17 €/Kg.)","imgUrl":"https://s2.dia.es/medias/he8/h58/9636891361310.jpg"},{"title":"DANONE OIKOS yogur griego con stracciatella pack 2 unidades 115 gr","price":"1,09 €","pricePerUnit":"(4,95 €/Kg.)","imgUrl":"https://s2.dia.es/medias/h55/h1d/9636890312734.jpg"},{"title":"DANONE OIKOS yogur griego limón y naranja confitada pack 2 unidades 115 gr","price":"1,59 €","pricePerUnit":"(6,91 €/Kg.)","imgUrl":"https://s1.dia.es/medias/h60/ha8/9617465704478.jpg"},{"title":"DANONE OIKOS yogur griego mediterráneo pack 2 unidades 115 gr","price":"1,09 €","pricePerUnit":"(4,95 €/Kg.)","imgUrl":"https://s2.dia.es/medias/hd4/h36/9536334561310.jpg"},{"title":"DANONE OIKOS yogur griego natural azucarado pack 4 unidades 115 gr","price":"2,00 €","pricePerUnit":"(4,55 €/Kg.)","imgUrl":"https://s1.dia.es/medias/h37/hac/9636893655070.jpg"},{"title":"DANONE OIKOS yogur griego natural pack 4 unidades 115 gr","price":"2,00 €","pricePerUnit":"(4,55 €/Kg.)","imgUrl":"https://s3.dia.es/medias/h31/h4c/9636896276510.jpg"},{"title":"DANONE OIKOS yogur griego tarta de arándanos pack 2 unidades 110 gr","price":"1,19 €","pricePerUnit":"(5,41 €/Kg.)","imgUrl":"https://s1.dia.es/medias/h8a/h53/9636894310430.jpg"},{"title":"DANONE OIKOS yogur griego tiramisú pack 2 unidades 110 gr","price":"1,19 €","pricePerUnit":"(5,41 €/Kg.)","imgUrl":"https://s0.dia.es/medias/h36/h4c/9612006293534.jpg"},{"title":"DANONE OIKOS yogur griego vainilla y piña caramelizada pack 2 unidades 115 gr","price":"1,59 €","pricePerUnit":"(6,91 €/Kg.)","imgUrl":"https://s2.dia.es/medias/h80/h8e/9579608932382.jpg"},{"title":"DIA DELICIOUS yogur al estilo griego con canela y manzana pack 2 unidades 125 gr","price":"0,95 €","pricePerUnit":"(3,80 €/Kg.)","imgUrl":"https://s2.dia.es/medias/h3c/hca/9569502330910.jpg"},{"title":"DIA DELICIOUS yogur al estilo griego con naranja y zanahoria pack 2 unidades 125 gr","price":"0,99 €","pricePerUnit":"(3,96 €/Kg.)","imgUrl":"https://s1.dia.es/medias/h07/hbb/8969237069854.jpg"},{"title":"DIA DELICIOUS yogur griego con miel pack 2 unidades 125 gr","price":"0,99 €","pricePerUnit":"(3,96 €/Kg.)","imgUrl":"https://s1.dia.es/medias/hc4/h1b/8861418979358.png"},{"title":"DIA yogur al estilo griego con fresas pack 4 unidades 125 gr","price":"1,92 €","pricePerUnit":"(3,84 €/Kg.)","imgUrl":"https://s2.dia.es/medias/h86/h6f/9607944503326.jpg"},{"title":"DIA yogur al estilo griego fresa pack 6 unidades 125 gr","price":"1,40 €","pricePerUnit":"(1,87 €/Kg.)","imgUrl":"https://s2.dia.es/medias/h22/haf/9658872168478.jpg"},{"title":"DIA yogur griego con moras / frambueas pack 4 unidades 125 g","price":"1,85 €","pricePerUnit":"(3,70 €/Kg.)","imgUrl":"https://s0.dia.es/medias/h76/hdb/9654392356894.jpg"},{"title":"DIA yogur griego con stracciatella pack 4 unidades 125 gr","price":"1,06 €","pricePerUnit":"(2,12 €/Kg.)","imgUrl":"https://s1.dia.es/medias/h01/hfc/9592241061918.jpg"},{"title":"DIA yogur griego natural azucarado pack 6 unidades 125 g","price":"1,09 €","pricePerUnit":"(1,45 €/Kg.)","imgUrl":"https://s0.dia.es/medias/haa/haf/9631860621342.jpg"},{"title":"DIA yogur natural al estilo griego 1 Kg","price":"1,99 €","pricePerUnit":"(1,99 €/Kg.)","imgUrl":"https://s1.dia.es/medias/h5f/h8a/8823773265950.png"},{"title":"DIA yogur natural al estilo griego pack 6 unidades 125 gr","price":"1,09 €","pricePerUnit":"(1,45 €/Kg.)","imgUrl":"https://s0.dia.es/medias/hd8/h86/9658863255582.jpg"},{"title":"PASTORET yogur griego artesano vaso 500 gr","price":"2,40 €","pricePerUnit":"(4,80 €/Kg.)","imgUrl":"https://s1.dia.es/medias/h5c/hd9/9570822946846.jpg"}]},"bifidus":{"categoryUrl":"/compra-online/productos/lacteos-y-huevos/yogures/bifidus/c/WEB.005.050.00358","products":[{"title":"DANONE ACTIVIA bífidus con espelta y semillas de amapola pack 4 unidades 120 gr","price":"2,09 €","pricePerUnit":"(4,35 €/Kg.)","imgUrl":"https://s1.dia.es/medias/hb2/h11/9670946914334.jpg"},{"title":"DANONE ACTIVIA bífidus cremoso de lima-limon pack 4 unidades 120 gr","price":"1,89 €","pricePerUnit":"(3,78 €/Kg.)","imgUrl":"https://s3.dia.es/medias/hfe/h44/9670986301470.jpg"},{"title":"DANONE ACTIVIA bífidus de fibras con muesli pack 4 uds 120 gr","price":"1,99 €","pricePerUnit":"(4,15 €/Kg.)","imgUrl":"https://s2.dia.es/medias/h45/hae/9670996787230.jpg"},{"title":"DANONE ACTIVIA bífidus de fresa pack 4 unidades 125 gr","price":"2,09 €","pricePerUnit":"(4,18 €/Kg.)","imgUrl":"https://s2.dia.es/medias/hfd/had/9647339372574.jpg"},{"title":"DANONE ACTIVIA bífidus de fresa, frambuesa y goji  pack 2 unidades 115 gr","price":"1,00 €","pricePerUnit":"(4,35 €/Kg.)","imgUrl":"https://s0.dia.es/medias/h01/hc1/9553396760606.jpg"},{"title":"DANONE ACTIVIA bífidus de frutos del bosque pack 4 unidades 125 gr","price":"2,09 €","pricePerUnit":"(4,18 €/Kg.)","imgUrl":"https://s1.dia.es/medias/h13/h18/9647440298014.jpg"},{"title":"DANONE ACTIVIA bífidus de kiwi, lima y aloe vera pack 2 unidades 115 gr","price":"1,00 €","pricePerUnit":"(4,35 €/Kg.)","imgUrl":"https://s2.dia.es/medias/h7b/hcd/9553373102110.jpg"},{"title":"DANONE ACTIVIA bífidus de mango, papaya y soja pack 4 unidades 125 gr","price":"2,09 €","pricePerUnit":"(4,18 €/Kg.)","imgUrl":"https://s3.dia.es/medias/h09/hb7/9670983680030.jpg"},{"title":"DANONE ACTIVIA bífidus de pera pack 4 unidades 125 gr","price":"2,09 €","pricePerUnit":"(4,18 €/Kg.)","imgUrl":"https://s0.dia.es/medias/ha1/h55/9647344615454.jpg"},{"title":"DANONE ACTIVIA bífidus fibras con cereales pack 4 unidades 120 gr","price":"1,99 €","pricePerUnit":"(4,15 €/Kg.)","imgUrl":"https://s0.dia.es/medias/h9e/he3/9670998163486.jpg"},{"title":"DANONE ACTIVIA bífidus natural azucarado pack 4 unidades 125 gr","price":"1,89 €","pricePerUnit":"(3,78 €/Kg.)","imgUrl":"https://s2.dia.es/medias/h5d/h9f/9670988922910.jpg"},{"title":"DANONE ACTIVIA bífidus natural ecológico vaso 460 gr","price":"2,39 €","pricePerUnit":"(5,20 €/Kg.)","imgUrl":"https://s2.dia.es/medias/h1c/he2/9557409333278.jpg"},{"title":"DANONE ACTIVIA bífidus natural pack 4 unidades 125 gr","price":"1,89 €","pricePerUnit":"(3,78 €/Kg.)","imgUrl":"https://s3.dia.es/medias/h70/hc2/9670949535774.jpg"},{"title":"DANONE ACTIVIA bífidus natural pack 8 unidades 125 gr","price":"3,09 €","pricePerUnit":"(3,09 €/Kg.)","imgUrl":"https://s3.dia.es/medias/h53/haa/9670988595230.jpg"},{"title":"DANONE ACTIVIA bífidus smoothie&go frutos amarillos botella 250 gr","price":"1,99 €","pricePerUnit":"(7,96 €/Kg.)","imgUrl":"https://s0.dia.es/medias/he6/hb7/9639480197150.jpg"},{"title":"DANONE ACTIVIA bífidus smoothie&go frutos rojos botella 250 gr","price":"1,99 €","pricePerUnit":"(7,96 €/Kg.)","imgUrl":"https://s3.dia.es/medias/h40/h19/9639479869470.jpg"},{"title":"DANONE ACTIVIA Go yogur líquido fresa y kiwi botella 280 gr","price":"1,25 €","pricePerUnit":"(4,46 €/Kg.)","imgUrl":"https://s3.dia.es/medias/hba/h6e/9628958326814.jpg"},{"title":"DANONE ACTIVIA Mix&go bífidus con muesli y arándanos y semillas vaso 170 gr","price":"1,69 €","pricePerUnit":"(9,94 €/Kg.)","imgUrl":"https://s0.dia.es/medias/hbc/h70/9536149815326.jpg"},{"title":"DANONE ACTIVIA Mix&go bífidus con muesli y frambuesas vaso 170 gr","price":"1,69 €","pricePerUnit":"(9,94 €/Kg.)","imgUrl":"https://s0.dia.es/medias/hc6/h50/9535912378398.jpg"},{"title":"DIA bífidus con cereales y fibra pack 4 unidades 125 gr","price":"0,95 €","pricePerUnit":"(1,90 €/Kg.)","imgUrl":"https://s3.dia.es/medias/h9a/h82/8823124688926.png"},{"title":"DIA bífidus de  higo pera y ciruela pack 8 unidades 125 gr","price":"1,90 €","pricePerUnit":"(1,90 €/Kg.)","imgUrl":"https://s3.dia.es/medias/ha9/hed/9607944175646.jpg"}]},"bifidus-desnatado":{"categoryUrl":"/compra-online/productos/lacteos-y-huevos/yogures/bifidus-desnatado/c/WEB.005.050.00359","products":[{"title":"DANONE ACTIVIA bífidus con muesli 0% M.G pack 4 unidades 120 gr","price":"1,99 €","pricePerUnit":"(4,15 €/Kg.)","imgUrl":"https://s0.dia.es/medias/hd0/h1b/9670991216670.jpg"},{"title":"DANONE ACTIVIA bífidus con quinoa y semillas de calabaza 0% M.G pack 4 unidades 120 gr","price":"1,99 €","pricePerUnit":"(4,15 €/Kg.)","imgUrl":"https://s0.dia.es/medias/h58/h36/9670945275934.jpg"},{"title":"DANONE ACTIVIA bífidus cremoso cocktail de frutas 0% M.G pack 4 uds 125 gr","price":"1,89 €","pricePerUnit":"(3,94 €/Kg.)","imgUrl":"https://s1.dia.es/medias/h25/hbe/9670943965214.jpg"},{"title":"DANONE ACTIVIA bífidus cremoso de frutas silvestres 0% pack 4 unidades 120 gr","price":"1,89 €","pricePerUnit":"(3,94 €/Kg.)","imgUrl":"https://s0.dia.es/medias/h07/h00/9670989578270.jpg"},{"title":"DANONE ACTIVIA bífidus cremoso de mango 0% M.G pack 4 unidades 125 gr","price":"1,89 €","pricePerUnit":"(3,78 €/Kg.)","imgUrl":"https://s0.dia.es/medias/hc3/h9f/9670987612190.jpg"},{"title":"DANONE ACTIVIA bífidus cremoso frutas silvestres 0% pack 8 unidades 120 gr","price":"3,09 €","pricePerUnit":"(3,22 €/Kg.)","imgUrl":"https://s0.dia.es/medias/he0/ha8/9535899271198.jpg"},{"title":"DANONE ACTIVIA bífidus cremoso vainilla de madagascar 0% M.G pack 4 unidades 125 gr","price":"1,89 €","pricePerUnit":"(3,78 €/Kg.)","imgUrl":"https://s1.dia.es/medias/h56/h2c/9670944292894.jpg"},{"title":"DANONE ACTIVIA bífidus de ciruelas 0% M.G pack 4 unidades 125 gr","price":"2,09 €","pricePerUnit":"(4,18 €/Kg.)","imgUrl":"https://s1.dia.es/medias/ha7/h90/9647384133662.jpg"},{"title":"DANONE ACTIVIA bífidus de frutos rojos 0% M.G pack 4 unidades 125 gr","price":"2,09 €","pricePerUnit":"(4,18 €/Kg.)","imgUrl":"https://s3.dia.es/medias/h8b/hac/9647331508254.jpg"},{"title":"DANONE ACTIVIA bífidus de kiwi 0% M.G pack 4 unidades 125 gr","price":"2,09 €","pricePerUnit":"(4,18 €/Kg.)","imgUrl":"https://s1.dia.es/medias/hd7/h61/9647442264094.jpg"},{"title":"DANONE ACTIVIA bífidus de lima-limón 0% M.G pack 4 unidades 125 gr","price":"2,09 €","pricePerUnit":"(4,18 €/Kg.)","imgUrl":"https://s1.dia.es/medias/h0f/hc0/9642320527390.jpg"},{"title":"DANONE ACTIVIA bífidus de melocotón 0% M.G pack 4 unidades 125 gr","price":"2,09 €","pricePerUnit":"(4,18 €/Kg.)","imgUrl":"https://s0.dia.es/medias/h09/hdf/9647306211358.jpg"},{"title":"DANONE ACTIVIA bífidus de piña 0% M.G pack 4 unidades 125 gr","price":"2,09 €","pricePerUnit":"(4,18 €/Kg.)","imgUrl":"https://s0.dia.es/medias/he1/h2b/9647422930974.jpg"},{"title":"DANONE ACTIVIA bífidus fibras con cereales 0% pack 4 unidades 120 gr","price":"2,09 €","pricePerUnit":"(4,35 €/Kg.)","imgUrl":"https://s0.dia.es/medias/hf4/he5/9670996131870.jpg"},{"title":"DANONE ACTIVIA bífidus natural 0% M.G pack 4 unidades 125 gr","price":"1,89 €","pricePerUnit":"(3,78 €/Kg.)","imgUrl":"https://s0.dia.es/medias/hfc/h0a/9670989905950.jpg"},{"title":"DANONE ACTIVIA bífidus natural 0% M.G pack 8 unidades 125 gr","price":"3,09 €","pricePerUnit":"(3,09 €/Kg.)","imgUrl":"https://s3.dia.es/medias/h80/h51/9670984990750.jpg"},{"title":"DANONE ACTIVIA bífidus natural edulcorado 0% M.G pack 4 unidades 125 gr","price":"1,89 €","pricePerUnit":"(3,78 €/Kg.)","imgUrl":"https://s3.dia.es/medias/h0d/h52/9670993838110.jpg"},{"title":"DANONE ACTIVIA bífidus natural edulcorado 0% M.G pack 8 unidades 125 gr","price":"3,09 €","pricePerUnit":"(3,09 €/Kg.)","imgUrl":"https://s3.dia.es/medias/he4/h08/9670987939870.jpg"},{"title":"DIA bífidus con semillas de lino y avellanas 0% M.G pack 4 unidades 125 gr","price":"0,95 €","pricePerUnit":"(1,90 €/Kg.)","imgUrl":"https://s3.dia.es/medias/h75/h89/9578153279518.jpg"},{"title":"DIA bífidus de ciruela 0% M.G pack 4 unidades 125 gr","price":"1,16 €","pricePerUnit":"(2,32 €/Kg.)","imgUrl":"https://s3.dia.es/medias/he0/h8b/9654392684574.jpg"},{"title":"DIA bífidus de ciruela, fresa, kiwi y piña 0% M.G pack 8 unidades 125 gr","price":"1,90 €","pricePerUnit":"(1,90 €/Kg.)","imgUrl":"https://s0.dia.es/medias/he6/h02/8883874234398.png"},{"title":"DIA bífidus natural 0% M.G. pack 8 unidades 125 gr","price":"1,20 €","pricePerUnit":"(1,20 €/Kg.)","imgUrl":"https://s0.dia.es/medias/h55/h68/8822996697118.png"},{"title":"DIA bífidus natural edulcorado 0% M.G pack 4 unidades 125 gr","price":"0,69 €","pricePerUnit":"(1,38 €/Kg.)","imgUrl":"https://s0.dia.es/medias/h6e/hd6/9658863583262.jpg"}]},"soja":{"categoryUrl":"/compra-online/productos/lacteos-y-huevos/yogures/soja/c/WEB.005.050.00371","products":[{"title":"ALPRO yogur de soja sabor arándanos y frutos rojos pack 4 unidades 125 gr","price":"1,99 €","pricePerUnit":"(3,98 €/Kg.)","imgUrl":"https://s3.dia.es/medias/hef/h0a/9647327576094.jpg"},{"title":"ALPRO yogur de soja sabor melocotón, piña y fruta de la pasión pack 4 uds 125 gr","price":"1,99 €","pricePerUnit":"(3,98 €/Kg.)","imgUrl":"https://s0.dia.es/medias/h43/h1b/9647415722014.jpg"},{"title":"DANONE ACTIVIA bífidus de mango, papaya y soja pack 4 unidades 125 gr","price":"2,09 €","pricePerUnit":"(4,18 €/Kg.)","imgUrl":"https://s3.dia.es/medias/h09/hb7/9670983680030.jpg"},{"title":"DANONE SAVIA yogur soja natural edulcorado pack 4 unidades 125 g","price":"1,95 €","pricePerUnit":"(3,90 €/Kg.)","imgUrl":"https://s1.dia.es/medias/h4b/h14/9680319447070.jpg"},{"title":"DIA VITAL postre soja chocolate pack 4 unidades 100 gr","price":"1,25 €","pricePerUnit":"(3,13 €/Kg.)","imgUrl":"https://s0.dia.es/medias/h73/h1f/8984095555614.jpg"}]},"liquidos":{"categoryUrl":"/compra-online/productos/lacteos-y-huevos/yogures/liquidos/c/WEB.005.050.00368","products":[{"title":"DANONE ACTIVIA Go yogur líquido frambuesa y granada botella 280 gr","price":"1,25 €","pricePerUnit":"(4,46 €/Kg.)","imgUrl":"https://s1.dia.es/medias/h3b/h84/9628956360734.jpg"},{"title":"DANONE ACTIVIA Go yogur líquido fresa y kiwi botella 280 gr","price":"1,25 €","pricePerUnit":"(4,46 €/Kg.)","imgUrl":"https://s3.dia.es/medias/hba/h6e/9628958326814.jpg"},{"title":"DANONE Light&free yogur líquido con arándanos y granada 0% M.G. botella 241 ml","price":"1,20 €","pricePerUnit":"(4,90 €/l.)","imgUrl":"https://s3.dia.es/medias/hae/h89/9628955705374.jpg"},{"title":"DANONE Light&free yogur líquido con mango, maracuya y goji 0% M.G. botella 241 ml","price":"1,20 €","pricePerUnit":"(4,90 €/l.)","imgUrl":"https://s1.dia.es/medias/h11/he2/9628960620574.jpg"},{"title":"DANONE yogur líquido con fresa y plátano botella 245 ml","price":"1,09 €","pricePerUnit":"(4,45 €/l.)","imgUrl":"https://s1.dia.es/medias/hd5/h95/9613893599262.jpg"},{"title":"DANONE yogur líquido con fresas botella 245 ml","price":"1,09 €","pricePerUnit":"(4,45 €/l.)","imgUrl":"https://s2.dia.es/medias/h0b/h6f/9613902184478.jpg"},{"title":"DANONE yogur líquido con limón y jengibre botella 245 ml","price":"1,09 €","pricePerUnit":"(4,45 €/l.)","imgUrl":"https://s3.dia.es/medias/h97/h81/9613973520414.jpg"},{"title":"DANONE yogur líquido con papaya y maracuyá botella 245 ml","price":"1,09 €","pricePerUnit":"(4,45 €/l.)","imgUrl":"https://s3.dia.es/medias/hc3/haa/9613870989342.jpg"},{"title":"DANONE yogur líquido sabor fresa botella 550 gr","price":"1,65 €","pricePerUnit":"(3,00 €/Kg.)","imgUrl":"https://s1.dia.es/medias/h85/h01/9647366045726.jpg"},{"title":"DANONE yogur líquido sabor fresa y plátano botella 550 gr","price":"1,65 €","pricePerUnit":"(1,65 €/Kg.)","imgUrl":"https://s1.dia.es/medias/hb2/h85/9647425552414.jpg"},{"title":"DIA yogur líquido fresa y plátano pack 4 botellas 180 gr","price":"1,39 €","pricePerUnit":"(1,93 €/Kg.)","imgUrl":"https://s3.dia.es/medias/h81/hc5/8894417993758.png"}]},"lcasei":{"categoryUrl":"/compra-online/productos/lacteos-y-huevos/yogures/lcasei/c/WEB.005.050.00369","products":[{"title":"DANONE ACTIMEL yogur líquido fresa 0% pack 6 unidades 100 g","price":"2,99 €","pricePerUnit":"(4,98 €/Kg.)","imgUrl":"https://s2.dia.es/medias/hb5/h6a/9647440625694.jpg"},{"title":"DANONE ACTIMEL yogur líquido fresa pack 12 unidades 100 gr","price":"4,99 €\n\t\t\t\t\t\t\t4,79 €","pricePerUnit":"(4,16 €/Kg.)\n\t\t\t\t\t\t\t (3,99 €/Kg.)","imgUrl":"https://s2.dia.es/medias/h74/h08/9647359688734.jpg"},{"title":"DANONE ACTIMEL yogur líquido fresa pack 6 unidades 100 gr","price":"2,99 €","pricePerUnit":"(4,98 €/l.)","imgUrl":"https://s1.dia.es/medias/h6b/hf1/9647338389534.jpg"},{"title":"DANONE ACTIMEL yogur líquido fresa-plátano pack 6 unidades 100 gr","price":"2,99 €","pricePerUnit":"(4,98 €/Kg.)","imgUrl":"https://s0.dia.es/medias/h34/h37/9647432106014.jpg"},{"title":"DANONE ACTIMEL yogur líquido multifrutas pack 6 unidades 100 gr","price":"2,99 €","pricePerUnit":"(4,98 €/Kg.)","imgUrl":"https://s1.dia.es/medias/h11/hfc/9647351824414.jpg"},{"title":"DANONE ACTIMEL yogur líquido natural 0% M.G pack 12 unidades 100 gr","price":"4,99 €\n\t\t\t\t\t\t\t4,79 €","pricePerUnit":"(4,16 €/Kg.)\n\t\t\t\t\t\t\t (3,99 €/Kg.)","imgUrl":"https://s1.dia.es/medias/h2d/h0b/9647339700254.jpg"},{"title":"DANONE ACTIMEL yogur líquido natural 0% pack 6 unidades 100 gr","price":"2,99 €","pricePerUnit":"(4,98 €/Kg.)","imgUrl":"https://s1.dia.es/medias/h9d/h6d/9647328559134.jpg"},{"title":"DANONE ACTIMEL yogur líquido natural pack 12 unidades 100 gr","price":"4,99 €\n\t\t\t\t\t\t\t4,79 €","pricePerUnit":"(4,16 €/Kg.)\n\t\t\t\t\t\t\t (3,99 €/Kg.)","imgUrl":"https://s2.dia.es/medias/h6b/h07/9647306866718.jpg"},{"title":"DANONE ACTIMEL yogur líquido natural pack 6 unidades 100 gr","price":"2,99 €","pricePerUnit":"(4,98 €/Kg.)","imgUrl":"https://s0.dia.es/medias/h49/h0b/9647376531486.jpg"},{"title":"DIA LIFEFORM yogur líquido fresa pack 12 unidades 100 g","price":"2,54 €","pricePerUnit":"(2,12 €/Kg.)","imgUrl":"https://s2.dia.es/medias/h26/h8a/8822461005854.png"},{"title":"DIA LIFEFORM yogur líquido fresa pack 6 unidades 100 g","price":"1,35 €","pricePerUnit":"(2,25 €/Kg.)","imgUrl":"https://s1.dia.es/medias/hcb/h3d/8822389702686.png"},{"title":"DIA LIFEFORM yogur líquido fresa-plátano/coco-piña pack 12 unidades 100 g","price":"2,54 €","pricePerUnit":"(2,12 €/Kg.)","imgUrl":"https://s0.dia.es/medias/h14/hd0/8823183409182.png"},{"title":"DIA LIFEFORM yogur líquido natural pack 12 unidades 100 g","price":"2,54 €","pricePerUnit":"(2,12 €/Kg.)","imgUrl":"https://s3.dia.es/medias/h5f/h94/8822397567006.png"}]},"cremosos-y-enriquecidos":{"categoryUrl":"/compra-online/productos/lacteos-y-huevos/yogures/cremosos-y-enriquecidos/c/WEB.005.050.00366","products":[{"title":"DANONE 1919 yogur natural cremoso azucarado pack 4 unidades 120 gr","price":"1,77 €","pricePerUnit":"(3,69 €/Kg.)","imgUrl":"https://s2.dia.es/medias/h87/h07/9590691168286.jpg"},{"title":"DANONE 1919 yogur natural cremoso pack 4 unidades 120 gr","price":"1,77 €","pricePerUnit":"(3,69 €/Kg.)","imgUrl":"https://s3.dia.es/medias/h1d/h56/9590715613214.jpg"},{"title":"DANONE ACTIVIA bífidus cremoso de frutas silvestres 0% pack 4 unidades 120 gr","price":"1,89 €","pricePerUnit":"(3,94 €/Kg.)","imgUrl":"https://s0.dia.es/medias/h07/h00/9670989578270.jpg"},{"title":"DANONE ACTIVIA bífidus cremoso de lima-limon pack 4 unidades 120 gr","price":"1,89 €","pricePerUnit":"(3,78 €/Kg.)","imgUrl":"https://s3.dia.es/medias/hfe/h44/9670986301470.jpg"},{"title":"DANONE ACTIVIA bífidus cremoso de mango 0% M.G pack 4 unidades 125 gr","price":"1,89 €","pricePerUnit":"(3,78 €/Kg.)","imgUrl":"https://s0.dia.es/medias/hc3/h9f/9670987612190.jpg"},{"title":"DANONE VITALINEA yogur cremoso natural edulcorado pack 4 unidades 125 g","price":"1,69 €","pricePerUnit":"(3,38 €/Kg.)","imgUrl":"https://s3.dia.es/medias/h02/ha2/9650386468894.jpg"},{"title":"DANONE yogur original natural azucarado pack 2 unidades 135 gr","price":"1,09 €","pricePerUnit":"(4,04 €/Kg.)","imgUrl":"https://s3.dia.es/medias/h2c/h98/9647370305566.jpg"},{"title":"PASTORET yogur cremoso artesano de frambuesas tarrina 125 gr","price":"0,67 €","pricePerUnit":"(5,36 €/Kg.)","imgUrl":"https://s2.dia.es/medias/ha0/hf9/9633189920798.jpg"},{"title":"PASTORET yogur cremoso artesano de fresa tarrina 125 gr","price":"1,00 €","pricePerUnit":"(8,00 €/Kg.)","imgUrl":"https://s0.dia.es/medias/had/h51/9633187627038.jpg"},{"title":"PASTORET yogur cremoso artesano de fresa vaso 500 gr","price":"2,25 €","pricePerUnit":"(4,50 €/Kg.)","imgUrl":"https://s1.dia.es/medias/h6d/hc1/9633147125790.jpg"},{"title":"PASTORET yogur cremoso artesano de melocotón y maracuya vaso 500 gr","price":"2,25 €","pricePerUnit":"(4,50 €/Kg.)","imgUrl":"https://s3.dia.es/medias/had/h3c/9633149616158.jpg"},{"title":"PASTORET yogur cremoso artesano natural tarrina 125 gr","price":"1,00 €","pricePerUnit":"(8,00 €/Kg.)","imgUrl":"https://s2.dia.es/medias/he0/h54/9633151582238.jpg"}]},"especiales":{"categoryUrl":"/compra-online/productos/lacteos-y-huevos/yogures/especiales/c/WEB.005.050.00367","products":[{"title":"DANONE DANACOL yogur con avena y frutos rojos pack 4 unidades 120 gr","price":"2,69 €","pricePerUnit":"(5,60 €/Kg.)","imgUrl":"https://s2.dia.es/medias/h9f/h97/9641281290270.jpg"},{"title":"DANONE DANACOL yogur con nueces y avena pack 4 unidades 120 gr","price":"2,69 €","pricePerUnit":"(5,60 €/Kg.)","imgUrl":"https://s0.dia.es/medias/haa/h13/9641318449182.jpg"},{"title":"DANONE DANACOL yogur líquido con avena pack 6 unidades 100 gr","price":"4,15 €","pricePerUnit":"(6,92 €/Kg.)","imgUrl":"https://s2.dia.es/medias/h91/ha9/9589789622302.jpg"},{"title":"DANONE DANACOL yogur líquido fresa pack 12 unidades 100 g","price":"5,99 €","pricePerUnit":"(4,99 €/Kg.)","imgUrl":"https://s1.dia.es/medias/h4a/h63/9647236284446.jpg"},{"title":"DANONE DANACOL yogur líquido fresa pack 6 unidades 100 g","price":"3,92 €","pricePerUnit":"(6,53 €/Kg.)","imgUrl":"https://s3.dia.es/medias/h6b/hca/9647410151454.jpg"},{"title":"DANONE DANACOL yogur líquido natural pack 12 unidades 100 g","price":"5,99 €","pricePerUnit":"(4,99 €/Kg.)","imgUrl":"https://s1.dia.es/medias/h1e/h61/9647351496734.jpg"},{"title":"DANONE DANACOL yogur líquido natural pack 6 unidades 100 g","price":"3,78 €","pricePerUnit":"(6,30 €/Kg.)","imgUrl":"https://s0.dia.es/medias/hf7/h99/9647380791326.jpg"},{"title":"DANONE DANACOL yogur líquido tropical pack 6 unidades 100 g","price":"3,75 €","pricePerUnit":"(6,25 €/Kg.)","imgUrl":"https://s2.dia.es/medias/h8d/he9/9647380463646.jpg"},{"title":"DANONE Eco yogur natural pack 4 unidades 125 gr","price":"1,79 €","pricePerUnit":"(3,58 €/Kg.)","imgUrl":"https://s2.dia.es/medias/h49/heb/9611996397598.jpg"},{"title":"DANONE Eco yogur sabor limón pack 4 unidades 125 gr","price":"1,79 €","pricePerUnit":"(3,58 €/Kg.)","imgUrl":"https://s0.dia.es/medias/he0/h61/9611995742238.jpg"},{"title":"DANONE Yopro yogur natural desnatado proteínas arándanos pack 2 x 160 gr","price":"1,99 €","pricePerUnit":"(6,22 €/Kg.)","imgUrl":"https://s0.dia.es/medias/hb4/h34/9628216557598.jpg"},{"title":"DANONE Yopro yogur natural desnatado proteínas pack 2 x 160 gr","price":"1,99 €","pricePerUnit":"(6,22 €/Kg.)","imgUrl":"https://s3.dia.es/medias/h5a/h9c/9611990827038.jpg"},{"title":"DIA VITAL yogur natural azucarado sin lactosa pack 4 unidades 125 gr","price":"1,14 €","pricePerUnit":"(2,28 €/Kg.)","imgUrl":"https://s1.dia.es/medias/ha3/he8/9015908827166.jpg"},{"title":"DIA yogur líquido vitalcol reduce colesterol tropical pack 8 unidades 100 ml","price":"2,80 €","pricePerUnit":"(3,50 €/Kg.)","imgUrl":"https://s2.dia.es/medias/hd4/h7c/9142042460190.jpg"},{"title":"KAIKU yogur desnatado con frambuesas sin lactosa pack 4 unidades 125 gr","price":"1,69 €","pricePerUnit":"(3,38 €/Kg.)","imgUrl":"https://s2.dia.es/medias/h40/h37/9652781252638.jpg"},{"title":"KAIKU yogur natural azucarado sin lactosa pack 4 unidades 125 gr","price":"1,69 €","pricePerUnit":"(3,38 €/Kg.)","imgUrl":"https://s1.dia.es/medias/ha1/h59/9652833091614.jpg"},{"title":"KAIKU yogur natural desnatado sin lactosa pack 4 unidades 125 gr","price":"1,69 €","pricePerUnit":"(3,38 €/Kg.)","imgUrl":"https://s1.dia.es/medias/h62/h88/9652757561374.jpg"},{"title":"PASTORET yogur kéfir vaso 500 gr","price":"1,65 €","pricePerUnit":"(3,30 €/Kg.)","imgUrl":"https://s0.dia.es/medias/h17/hdc/9633141882910.jpg"}]},"petit-e-infantiles":{"categoryUrl":"/compra-online/productos/lacteos-y-huevos/yogures/petit-e-infantiles/c/WEB.005.050.00370","products":[{"title":"DANONE DANONINO fresa para llevar pouch 4 unidades 70 gr","price":"1,99 €","pricePerUnit":"(7,11 €/Kg.)","imgUrl":"https://s1.dia.es/medias/h7b/h95/9639299121182.jpg"},{"title":"DANONE DANONINO fresa y plátano para llevar pouch 4 unidades 70 gr","price":"2,09 €","pricePerUnit":"(7,46 €/Kg.)","imgUrl":"https://s1.dia.es/medias/h08/hf4/9650390728734.jpg"},{"title":"DANONE DANONINO maxi petit fresa pack 4 unidades 100 gr","price":"1,69 €","pricePerUnit":"(4,23 €/Kg.)","imgUrl":"https://s1.dia.es/medias/hcd/h73/9647266431006.jpg"},{"title":"DANONE DANONINO maxi petit fresa y plátano pack 4 unidades 100 gr","price":"1,69 €","pricePerUnit":"(4,23 €/Kg.)","imgUrl":"https://s3.dia.es/medias/hb7/h05/9647375876126.jpg"},{"title":"DANONE DANONINO petit dino fresa y plátano pack 6 unidades 50 gr","price":"1,09 €","pricePerUnit":"(3,63 €/Kg.)","imgUrl":"https://s3.dia.es/medias/h52/h8e/9647411789854.jpg"},{"title":"DANONE DANONINO petit dino nata y fresa pack 6 unidades 50 gr","price":"1,09 €","pricePerUnit":"(3,63 €/Kg.)","imgUrl":"https://s3.dia.es/medias/h75/h94/9647326920734.jpg"},{"title":"DANONE DANONINO petit suisse fresa pack 6 unidades 50 gr","price":"1,09 €","pricePerUnit":"(3,63 €/Kg.)","imgUrl":"https://s1.dia.es/medias/h91/hfd/9647393701918.jpg"},{"title":"DANONE DANONINO petit suisse líquido fresa pack 4 botellas 100 ml","price":"1,99 €","pricePerUnit":"(4,98 €/Kg.)","imgUrl":"https://s0.dia.es/medias/h18/h82/9647314075678.jpg"},{"title":"NESTLE bicompartidos KIT-KAT pack 2 x 115 gr","price":"1,20 €","pricePerUnit":"(5,22 €/Kg.)","imgUrl":"https://s0.dia.es/medias/h65/hcf/9618997575710.jpg"},{"title":"NESTLE NESQUIK petit chocolate pack 6 unidades 60 g","price":"1,19 €","pricePerUnit":"(3,31 €/Kg.)","imgUrl":"https://s0.dia.es/medias/h0a/h5d/9619043713054.jpg"},{"title":"NESTLE SMARTIES bicompartidos envase 2 x 120 gr","price":"1,35 €","pricePerUnit":"(5,63 €/Kg.)","imgUrl":"https://s3.dia.es/medias/h36/h71/9618997248030.jpg"},{"title":"NESTLE Yogolino petit frutas variadas pack 4x100 gr","price":"2,29 €","pricePerUnit":"(5,73 €/Kg.)","imgUrl":"https://s1.dia.es/medias/ha5/hfa/9641201762334.jpg"},{"title":"NESTLE Yogolino sabor natural pack 4x100 gr","price":"2,55 €","pricePerUnit":"(6,38 €/Kg.)","imgUrl":"https://s3.dia.es/medias/h77/hcd/9578224451614.jpg"}]}},"huevos":{"name":"Huevos","productTypes":["huevos-extra-grandes","huevos-grandes","huevos-medianos"],"huevos-extra-grandes":{"categoryUrl":"/compra-online/productos/lacteos-y-huevos/huevos/huevos-extra-grandes/c/WEB.005.045.00326","products":[{"title":"FACILISSIMO claras de huevo botella 1 Kg","price":"2,99 €","pricePerUnit":"(2,99 €/Kg.)","imgUrl":"https://s0.dia.es/medias/h0a/h06/9513057419294.jpg"},{"title":"LA RECETA huevos frescos categoria A clase XL estuche 6 uds","price":"1,19 €","pricePerUnit":"(0,20 €/ud.)","imgUrl":"https://s1.dia.es/medias/h00/h02/9610246946846.jpg"}]},"huevos-grandes":{"categoryUrl":"/compra-online/productos/lacteos-y-huevos/huevos/huevos-grandes/c/WEB.005.045.00327","products":[{"title":"GRUPO DE LUCAS huevos frescos clase L maiz estuche 1 docena","price":"1,95 €\n\t\t\t\t\t\t\t1,45 €","pricePerUnit":"(0,16 €/ud.)\n\t\t\t\t\t\t\t (0,12 €/ud.)","imgUrl":"https://s0.dia.es/medias/hd4/h46/9341350477854.jpg"},{"title":"LA RECETA huevos frescos categoria A clase L estuche 12 uds","price":"1,45 €","pricePerUnit":"(0,12 €/ud.)","imgUrl":"https://s1.dia.es/medias/h6c/h56/8821876686878.png"},{"title":"ROIG huevos frescos categoria A clase L  naturelle estuche  10 uds","price":"1,95 €","pricePerUnit":"(0,20 €/ud.)","imgUrl":"https://s1.dia.es/medias/h13/h5b/8846839480350.png"}]},"huevos-medianos":{"categoryUrl":"/compra-online/productos/lacteos-y-huevos/huevos/huevos-medianos/c/WEB.005.045.00328","products":[{"title":"CAMAR huevos camperos categoría A clase M estuche 6 uds","price":"1,23 €","pricePerUnit":"(0,21 €/ud.)","imgUrl":"https://s2.dia.es/medias/h47/h1c/9645316898846.jpg"},{"title":"COOK huevos ecológicos estuche 6 uds","price":"2,66 €","pricePerUnit":"(0,44 €/ud.)","imgUrl":"https://s1.dia.es/medias/hae/h2a/9032056897566.jpg"},{"title":"GRUPO DE LUCAS huevos frescos clase M camperos estuche 10 uds","price":"2,46 €","pricePerUnit":"(0,25 €/ud.)","imgUrl":"https://s2.dia.es/medias/h67/hd5/9610203299870.jpg"},{"title":"LA RECETA huevos frescos categoria A clase M estuche 12 uds","price":"1,29 €","pricePerUnit":"(0,11 €/ud.)","imgUrl":"https://s0.dia.es/medias/h3e/ha2/9052592111646.jpg"},{"title":"PAZO DE VILANE huevos camperos estuche 12 uds","price":"2,99 €","pricePerUnit":"(0,25 €/ud.)","imgUrl":"https://s2.dia.es/medias/hcc/h1d/9164883525662.jpg"}]}}},"productos-sin-gluten":{"name":"Productossingluten","subCategoriesName":["productos-sin-gluten"],"productos-sin-gluten":{"name":"Productossingluten","productTypes":["productos-sin-gluten"],"productos-sin-gluten":{"categoryUrl":"/compra-online/productos/productos-sin-gluten/productos-sin-gluten/productos-sin-gluten/c/WEB.006.051.00372","products":[{"title":"AMBAR cerveza SIN GLUTEN botella 33 cl","price":"0,89 €","pricePerUnit":"(2,70 €/l.)","imgUrl":"https://s3.dia.es/medias/h9c/hd3/8962638675998.jpg"},{"title":"BICENTURY Sarialis barritas de cereales chocolate negro SIN GLUTEN caja 6 uds","price":"2,55 €","pricePerUnit":"(0,43 €/ud.)","imgUrl":"https://s2.dia.es/medias/hdf/hf8/9015928750110.jpg"},{"title":"CASA TARRADELLAS pizza jamón y queso sin lactosa y SIN GLUTEN envase 420 gr","price":"3,05 €","pricePerUnit":"(7,26 €/Kg.)","imgUrl":"https://s1.dia.es/medias/h70/h26/9640448000030.jpg"},{"title":"DIA VITAL magdalenas sin lactosa y SIN GLUTEN bolsa 230 gr","price":"3,10 €","pricePerUnit":"(13,48 €/Kg.)","imgUrl":"https://s1.dia.es/medias/h5e/h39/9039656386590.jpg"},{"title":"DR. OETKER preparado para bizcocho SIN GLUTEN caja 364 gr","price":"3,85 €","pricePerUnit":"(9,39 €/Kg.)","imgUrl":"https://s1.dia.es/medias/h25/ha6/8962645622814.jpg"},{"title":"DR. SCHAR baguette SIN GLUTEN envase 350 gr","price":"2,99 €","pricePerUnit":"(8,54 €/Kg.)","imgUrl":"https://s1.dia.es/medias/h08/hee/9552038166558.jpg"},{"title":"DR. SCHAR barritas de chocolate SIN GLUTEN paquete 105 gr","price":"3,18 €","pricePerUnit":"(30,29 €/Kg.)","imgUrl":"https://s0.dia.es/medias/h8a/ha6/9552040132638.jpg"},{"title":"DR. SCHAR galletas rellenas de chocolate sorrisi SIN GLUTEN paquete 250 gr","price":"3,05 €","pricePerUnit":"(12,20 €/Kg.)","imgUrl":"https://s0.dia.es/medias/h35/h97/9552047669278.jpg"},{"title":"DR. SCHAR galletas rellenas mini sorrisi SIN GLUTEN paquete 100 gr","price":"1,51 €","pricePerUnit":"(15,10 €/Kg.)","imgUrl":"https://s0.dia.es/medias/h66/h8a/9552037838878.jpg"},{"title":"DR. SCHAR merienda dietética pausa ciok paquete 350 gr","price":"3,95 €","pricePerUnit":"(11,29 €/Kg.)","imgUrl":"https://s2.dia.es/medias/hd0/h09/8877237829662.png"},{"title":"DR. SCHAR muffins choco SIN GLUTEN caja 260 gr","price":"3,61 €","pricePerUnit":"(13,88 €/Kg.)","imgUrl":"https://s3.dia.es/medias/h97/h4d/8849741021214.png"},{"title":"DR. SCHAR pan de hamburguesa SIN GLUTEN envase 300 gr","price":"3,29 €","pricePerUnit":"(10,97 €/Kg.)","imgUrl":"https://s2.dia.es/medias/h2f/h2a/8882679250974.png"},{"title":"DR. SCHAR pan de molde clásico SIN GLUTEN bolsa 300 gr","price":"2,65 €","pricePerUnit":"(8,83 €/Kg.)","imgUrl":"https://s0.dia.es/medias/h17/h16/9552000155678.jpg"},{"title":"DR. SCHAR pan de molde con cereales SIN GLUTEN bolsa 300 gr","price":"2,85 €","pricePerUnit":"(9,50 €/Kg.)","imgUrl":"https://s3.dia.es/medias/h12/heb/8862326128670.png"},{"title":"DR. SCHAR pan dulce SIN GLUTEN envase 200 gr","price":"2,50 €","pricePerUnit":"(12,50 €/Kg.)","imgUrl":"https://s3.dia.es/medias/ha3/h6b/9551989604382.jpg"},{"title":"DR. SCHAR pan rallado SIN GLUTEN 300 gr","price":"2,60 €","pricePerUnit":"(8,67 €/Kg.)","imgUrl":"https://s2.dia.es/medias/h27/he0/9552074276894.jpg"},{"title":"ESGIR crumchy crumbs rebozado crujiente SIN GLUTEN paquete 200 gr","price":"1,55 €","pricePerUnit":"(7,75 €/Kg.)","imgUrl":"https://s2.dia.es/medias/hf5/hac/9111651057694.jpg"},{"title":"GALLO fideos SIN GLUTEN paquete 500 gr","price":"1,79 €","pricePerUnit":"(3,58 €/Kg.)","imgUrl":"https://s2.dia.es/medias/h32/hc0/9603913023518.jpg"},{"title":"GALLO pluma SIN GLUTEN paquete 500 gr","price":"1,79 €","pricePerUnit":"(3,58 €/Kg.)","imgUrl":"https://s3.dia.es/medias/hb2/h4b/9603898212382.jpg"},{"title":"GALLO spaghetti SIN GLUTEN paquete 500 gr","price":"1,79 €","pricePerUnit":"(3,58 €/Kg.)","imgUrl":"https://s0.dia.es/medias/h67/h57/9603949854750.jpg"},{"title":"GULLON galleta choco chip SIN GLUTEN paquete 130 gr","price":"1,85 €","pricePerUnit":"(14,23 €/Kg.)","imgUrl":"https://s2.dia.es/medias/hd5/h76/9675411521566.jpg"},{"title":"GULLON galleta maría SIN GLUTEN caja 400 gr","price":"2,20 €","pricePerUnit":"(5,50 €/Kg.)","imgUrl":"https://s0.dia.es/medias/hce/h26/9675415453726.jpg"},{"title":"GULLON galletas crackers SIN GLUTEN caja 200 gr","price":"2,00 €","pricePerUnit":"(10,00 €/Kg.)","imgUrl":"https://s3.dia.es/medias/h24/h1f/9675352932382.jpg"},{"title":"GULLON galletas dibus sharkies cacao SIN GLUTEN caja 250 gr","price":"2,00 €","pricePerUnit":"(8,00 €/Kg.)","imgUrl":"https://s1.dia.es/medias/h9f/h3b/9675351621662.jpg"},{"title":"GULLON galletas digestive SIN GLUTEN paquete 150 gr","price":"2,25 €","pricePerUnit":"(15,00 €/Kg.)","imgUrl":"https://s2.dia.es/medias/h9e/h2a/9675350966302.jpg"},{"title":"MAHOU 5 ESTRELLAS cerveza SIN GLUTEN botella 33 cl","price":"0,93 €","pricePerUnit":"(2,82 €/l.)","imgUrl":"https://s0.dia.es/medias/h19/h62/9198737719326.jpg"},{"title":"MAHOU 5 ESTRELLAS cerveza SIN GLUTEN lata 33 cl","price":"0,69 €","pricePerUnit":"(2,09 €/l.)","imgUrl":"https://s0.dia.es/medias/h0d/h20/9263138177054.jpg"},{"title":"MIDEL cono chuches celebración SIN GLUTEN bolsa 70 gr","price":"1,00 €","pricePerUnit":"(16,67 €/Kg.)","imgUrl":"https://s3.dia.es/medias/he1/h7b/9565904830494.jpg"},{"title":"NESTLE cereales corn flakes chocolate SIN GLUTEN caja 375 gr","price":"2,98 €","pricePerUnit":"(7,95 €/Kg.)","imgUrl":"https://s0.dia.es/medias/h88/he0/9641222602782.jpg"},{"title":"NESTLE cereales corn flakes SIN GLUTEN caja 375 gr","price":"2,40 €","pricePerUnit":"(6,40 €/Kg.)","imgUrl":"https://s2.dia.es/medias/hc5/hcb/9641306652702.jpg"},{"title":"OLD EL PASO tortillas mexicanas SIN GLUTEN paquete 6 uds 216 gr","price":"2,95 €","pricePerUnit":"(13,66 €/Kg.)","imgUrl":"https://s1.dia.es/medias/h31/h88/9656256397342.jpg"},{"title":"PANCELIAC picos artesanos SIN GLUTEN 100 gr","price":"1,70 €","pricePerUnit":"(17,00 €/Kg.)","imgUrl":"https://s0.dia.es/medias/h8a/hb3/8880772808734.jpg"},{"title":"PROCELI baguette rústica SIN GLUTEN 120 gr","price":"1,59 €","pricePerUnit":"(13,25 €/Kg.)","imgUrl":"https://s2.dia.es/medias/h26/h40/9552649158686.jpg"},{"title":"PROCELI basic mix preparado panificable SIN GLUTEN paquete 1 kg","price":"3,95 €","pricePerUnit":"(3,95 €/Kg.)","imgUrl":"https://s0.dia.es/medias/h55/h78/9357342572574.jpg"},{"title":"PROCELI biscotes SIN GLUTEN caja 150 gr","price":"3,60 €","pricePerUnit":"(24,00 €/Kg.)","imgUrl":"https://s3.dia.es/medias/h2f/h7a/9357352730654.jpg"},{"title":"PROCELI bizcocho marmolado SIN GLUTEN paquete 180 gr","price":"2,75 €","pricePerUnit":"(15,28 €/Kg.)","imgUrl":"https://s2.dia.es/medias/h32/h67/9552655384606.jpg"},{"title":"PROCELI cereales chocolate bites SIN GLUTEN caja 225 gr","price":"3,75 €","pricePerUnit":"(16,67 €/Kg.)","imgUrl":"https://s2.dia.es/medias/h8e/hba/9357341917214.jpg"},{"title":"PROCELI colines SIN GLUTEN bolsa 150 gr","price":"2,70 €","pricePerUnit":"(18,00 €/Kg.)","imgUrl":"https://s2.dia.es/medias/h37/hcf/9639222312990.jpg"},{"title":"PROCELI magdalenas SIN GLUTEN bolsa 160 gr","price":"2,78 €","pricePerUnit":"(17,37 €/Kg.)","imgUrl":"https://s0.dia.es/medias/h6b/h60/9552646275102.jpg"},{"title":"PROCELI wafer chocolate SIN GLUTEN caja 130 gr","price":"3,69 €","pricePerUnit":"(28,38 €/Kg.)","imgUrl":"https://s2.dia.es/medias/hd1/h82/9506038775838.jpg"}]}}},"congelados-y-helados":{"name":"Congeladosyhelados","subCategoriesName":["helados","pescado-y-marisco","verdura-y-fruta","carne-y-pollo","platos-precocinados","panificacion-y-reposteria"],"helados":{"name":"Helados","productTypes":["bombones","conos","polos","sandwich","tarrinas","bloques","tartas-y-otros-postres","nata","hielo","zumos-horchatas-y-granizados","galletas-y-cucuruchos-para-helado"],"bombones":{"categoryUrl":"/compra-online/productos/congelados-y-helados/helados/bombones/c/WEB.007.053.00375","products":[{"title":"DIA helado bombón chocolate blanco caja 4 uds 316 gr","price":"1,35 €","pricePerUnit":"(4,27 €/Kg.)","imgUrl":"https://s0.dia.es/medias/hcc/hf3/9653631778846.jpg"},{"title":"DIA helado bombón chocolate caja 4 uds 334 gr","price":"1,35 €","pricePerUnit":"(4,27 €/Kg.)","imgUrl":"https://s0.dia.es/medias/h58/h0d/9653631123486.jpg"},{"title":"DIA helado bombón chocolate con almendras caja 4 uds 340 gr","price":"1,35 €","pricePerUnit":"(3,97 €/Kg.)","imgUrl":"https://s0.dia.es/medias/h4c/had/8822256009246.png"},{"title":"DIA helado bombón chocolate negro caja 4 uds 334 gr","price":"1,35 €","pricePerUnit":"(4,04 €/Kg.)","imgUrl":"https://s1.dia.es/medias/h97/ha1/9653626208286.jpg"},{"title":"DIA helado bombón crocante 6 uds caja 300 gr","price":"1,54 €","pricePerUnit":"(5,13 €/Kg.)","imgUrl":"https://s3.dia.es/medias/h9d/h91/9082985414686.jpg"},{"title":"DIA helado bombón limón caja 220 gr","price":"1,35 €","pricePerUnit":"(6,14 €/Kg.)","imgUrl":"https://s1.dia.es/medias/hbe/h14/8825567510558.png"},{"title":"DIA helado mini bombon almendrado caja 8 uds 280 gr","price":"1,75 €","pricePerUnit":"(6,25 €/Kg.)","imgUrl":"https://s1.dia.es/medias/h3b/h78/9644359942174.jpg"},{"title":"DIA helado mini bombon caja 8 uds 285 gr","price":"1,30 €","pricePerUnit":"(4,56 €/Kg.)","imgUrl":"https://s3.dia.es/medias/he7/h64/9628190277662.jpg"},{"title":"DIA VITAL helado mini bombón chocolate y almendras sin azúcares caja 288 gr","price":"2,33 €","pricePerUnit":"(8,09 €/Kg.)","imgUrl":"https://s2.dia.es/medias/hb3/h41/8958715887646.png"},{"title":"MAGNUM helado after dinner classic caja 10 uds 290 gr","price":"4,49 €","pricePerUnit":"(15,48 €/Kg.)","imgUrl":"https://s1.dia.es/medias/h88/hf9/9647214657566.jpg"},{"title":"MAGNUM helado after dinner frac caja 10 uds 290 gr","price":"4,49 €","pricePerUnit":"(15,48 €/Kg.)","imgUrl":"https://s1.dia.es/medias/h40/h49/9513233842206.jpg"},{"title":"MAGNUM helado almendras caja 3 uds 246 gr","price":"3,29 €","pricePerUnit":"(13,37 €/Kg.)","imgUrl":"https://s2.dia.es/medias/h89/hd6/9513241772062.jpg"},{"title":"MAGNUM helado doble caramelo caja 3 uds 219 gr","price":"3,59 €","pricePerUnit":"(12,21 €/Kg.)","imgUrl":"https://s2.dia.es/medias/h9d/h85/9513049980958.jpg"},{"title":"MAGNUM helado doble chocolate caja 3 uds 207 gr","price":"3,59 €","pricePerUnit":"(12,21 €/Kg.)","imgUrl":"https://s1.dia.es/medias/hd0/h62/9670898548766.jpg"},{"title":"MAGNUM helado double raspberry caja 3 uds 219 gr","price":"3,59 €","pricePerUnit":"(16,39 €/Kg.)","imgUrl":"https://s3.dia.es/medias/hf2/hc6/9513051619358.jpg"},{"title":"MAGNUM helado frac caja 3 uds 207 gr","price":"3,29 €","pricePerUnit":"(15,89 €/Kg.)","imgUrl":"https://s2.dia.es/medias/h30/h89/9512986148894.jpg"},{"title":"MAGNUM helado mini almendras caja 6 uds 300 gr","price":"3,99 €","pricePerUnit":"(13,30 €/Kg.)","imgUrl":"https://s3.dia.es/medias/h8c/h5e/9670958514206.jpg"},{"title":"MAGNUM helado mini doble caramelo chocolate caja 6 uds 300 gr","price":"4,69 €","pricePerUnit":"(15,63 €/Kg.)","imgUrl":"https://s2.dia.es/medias/hf6/hb2/9670896910366.jpg"},{"title":"MAGNUM helado mini surtido caja 6 uds 300 gr","price":"3,99 €","pricePerUnit":"(13,30 €/Kg.)","imgUrl":"https://s3.dia.es/medias/h01/h54/9670891667486.jpg"},{"title":"MAGNUM helado mini white chocolate & cookies caja 6 uds 270 gr","price":"4,49 €","pricePerUnit":"(16,63 €/Kg.)","imgUrl":"https://s2.dia.es/medias/h70/h71/9589831893022.jpg"},{"title":"MAGNUM helado white chocolate & cookies caja 3 uds 222 gr","price":"3,99 €","pricePerUnit":"(17,97 €/Kg.)","imgUrl":"https://s1.dia.es/medias/h90/h99/9589960245278.jpg"},{"title":"NESTLE helado mini bombón almendrado sin azúcares añadidos caja 180 gr","price":"3,99 €","pricePerUnit":"(24,63 €/Kg.)","imgUrl":"https://s3.dia.es/medias/h6a/h5b/9361189240862.jpg"},{"title":"NUII helado bombón vainilla con almendras caja 3 uds 201 gr","price":"3,49 €","pricePerUnit":"(17,36 €/Kg.)","imgUrl":"https://s1.dia.es/medias/hcb/h3d/9565224960030.jpg"},{"title":"NUII helado mini bombón vainilla con almendras y chocolate blanco caja 6 uds 252 gr","price":"4,20 €","pricePerUnit":"(16,67 €/Kg.)","imgUrl":"https://s3.dia.es/medias/haa/ha9/9565239050270.jpg"}]},"conos":{"categoryUrl":"/compra-online/productos/congelados-y-helados/helados/conos/c/WEB.007.053.00376","products":[{"title":"CORNETTO helado clásico caja 6 uds 360 gr","price":"3,99 €","pricePerUnit":"(11,08 €/Kg.)","imgUrl":"https://s1.dia.es/medias/h05/h74/9681342332958.jpg"},{"title":"CORNETTO helado crush brownie 4 uds caja 240 gr","price":"3,99 €","pricePerUnit":"(16,63 €/Kg.)","imgUrl":"https://s2.dia.es/medias/h73/h04/9565241671710.jpg"},{"title":"CORNETTO helado crush cookies 4 uds caja 240 gr","price":"3,99 €","pricePerUnit":"(16,63 €/Kg.)","imgUrl":"https://s0.dia.es/medias/hce/hae/9565242654750.jpg"},{"title":"CORNETTO helado mini clásico caja 6 uds 216 gr","price":"3,99 €","pricePerUnit":"(18,47 €/Kg.)","imgUrl":"https://s3.dia.es/medias/hec/hf5/9362592858142.jpg"},{"title":"CORNETTO helado sabor vainilla caja 6 uds 360 gr","price":"3,99 €","pricePerUnit":"(11,08 €/Kg.)","imgUrl":"https://s1.dia.es/medias/hd7/h5f/9681399119902.jpg"},{"title":"DIA DELICIOUS  helado cono vainilla macadamia caja 264 gr","price":"2,09 €","pricePerUnit":"(7,92 €/Kg.)","imgUrl":"https://s3.dia.es/medias/hc7/hea/9652569735198.jpg"},{"title":"DIA helado cono fresa y limón pack 4 uds","price":"1,00 €","pricePerUnit":"(3,98 €/Kg.)","imgUrl":"https://s1.dia.es/medias/h1b/h56/9652628717598.jpg"},{"title":"DIA helado cono mediano arcoiris sabor vainilla caja 8 uds 272 gr","price":"2,59 €","pricePerUnit":"(9,52 €/Kg.)","imgUrl":"https://s1.dia.es/medias/hd6/hb3/9082948321310.jpg"},{"title":"DIA helado cono mediano nata y chocolate caja 8 uds 280 gr","price":"2,06 €","pricePerUnit":"(7,36 €/Kg.)","imgUrl":"https://s2.dia.es/medias/h8d/h80/9644355682334.jpg"},{"title":"DIA helado cono nata caja 4 uds 252 gr","price":"1,00 €","pricePerUnit":"(3,97 €/Kg.)","imgUrl":"https://s0.dia.es/medias/h07/h86/9652500791326.jpg"},{"title":"DIA helado cono nata y chocolate caja 4 uds 252 gr","price":"1,00 €","pricePerUnit":"(3,97 €/Kg.)","imgUrl":"https://s1.dia.es/medias/h36/h4d/9652461535262.jpg"},{"title":"DIA helado cono vainilla caja 4 uds 252 gr","price":"1,00 €","pricePerUnit":"(3,97 €/Kg.)","imgUrl":"https://s3.dia.es/medias/h93/h1e/9652657225758.jpg"},{"title":"DIA helado conos medianos nata y chocolate caja 8 uds 280 gr","price":"2,59 €","pricePerUnit":"(9,25 €/Kg.)","imgUrl":"https://s1.dia.es/medias/h4e/h21/8958750818334.png"},{"title":"DIA helado conos nata y caramelo pack 4 uds","price":"1,00 €","pricePerUnit":"(3,97 €/Kg.)","imgUrl":"https://s2.dia.es/medias/he4/h88/9652654473246.jpg"},{"title":"DIA miniconos chocolate blanco y negro caja 10 uds","price":"2,20 €","pricePerUnit":"(13,17 €/Kg.)","imgUrl":"https://s0.dia.es/medias/h51/h10/8821945892894.png"},{"title":"NESTLE Extreme gold helado trufa & black 4 uds caja 288 gr","price":"3,85 €","pricePerUnit":"(13,37 €/Kg.)","imgUrl":"https://s1.dia.es/medias/h9e/h50/9565242327070.jpg"},{"title":"NESTLE helado kit kat classic caja 4 uds 240 gr","price":"3,69 €","pricePerUnit":"(14,88 €/Kg.)","imgUrl":"https://s3.dia.es/medias/hf4/h54/9300104118302.jpg"},{"title":"NESTLE helado maxibon triple chocolate caja 4 uds 284 gr","price":"3,95 €","pricePerUnit":"(13,91 €/Kg.)","imgUrl":"https://s3.dia.es/medias/hf4/h4f/9325018120222.jpg"},{"title":"OREO helado caja 4 uds 250 gr","price":"3,30 €","pricePerUnit":"(13,10 €/Kg.)","imgUrl":"https://s0.dia.es/medias/h89/hff/9598152474654.jpg"}]},"polos":{"categoryUrl":"/compra-online/productos/congelados-y-helados/helados/polos/c/WEB.007.053.00377","products":[{"title":"CALIPPO helado sabor fresa caja 5 uds 525 gr","price":"3,99 €","pricePerUnit":"(7,60 €/Kg.)","imgUrl":"https://s3.dia.es/medias/he4/h18/9596019015710.jpg"},{"title":"CALIPPO helado sabor lima-limón caja 5 uds 525 gr","price":"3,99 €","pricePerUnit":"(7,60 €/Kg.)","imgUrl":"https://s1.dia.es/medias/h9a/h96/9645350879262.jpg"},{"title":"DIA helado de hielo con zumo de frutas pack 5 uds","price":"2,05 €","pricePerUnit":"(4,56 €/Kg.)","imgUrl":"https://s1.dia.es/medias/h70/h7f/9644360400926.jpg"},{"title":"DIA helado de hielo tropical fresa y lima-limón pack 6 uds","price":"2,05 €","pricePerUnit":"(2,92 €/Kg.)","imgUrl":"https://s2.dia.es/medias/h16/hec/8955062812702.png"},{"title":"DIA helado de yogur sabor fresa y frambuesa caja 6 uds 312 gr","price":"1,85 €","pricePerUnit":"(5,93 €/Kg.)","imgUrl":"https://s3.dia.es/medias/ha7/hc2/9653625880606.jpg"},{"title":"DIA helado mini frutti caja 8 uds 300 gr","price":"1,41 €","pricePerUnit":"(4,70 €/Kg.)","imgUrl":"https://s3.dia.es/medias/h69/hb2/8825566461982.png"},{"title":"DIA helado smoothie tropical y de frutos rojos caja 6 uds 55 gr","price":"1,99 €","pricePerUnit":"(6,03 €/Kg.)","imgUrl":"https://s0.dia.es/medias/h15/h95/9653624897566.jpg"},{"title":"DIA polo resfrescante para congelar 600 ml","price":"1,03 €","pricePerUnit":"(1,72 €/l.)","imgUrl":"https://s3.dia.es/medias/h95/he6/8823310286878.png"},{"title":"FRIGO helado chuches caja 15 uds 261 gr","price":"3,49 €","pricePerUnit":"(13,37 €/Kg.)","imgUrl":"https://s0.dia.es/medias/h6c/h3b/9673759981598.jpg"},{"title":"FRIGO helado drácula caja 6 uds 264 gr","price":"3,45 €","pricePerUnit":"(13,07 €/Kg.)","imgUrl":"https://s2.dia.es/medias/hb5/h73/9513206644766.jpg"},{"title":"FRIGO helado mini twister caja 8 uds 312 gr","price":"3,45 €","pricePerUnit":"(9,50 €/Kg.)","imgUrl":"https://s2.dia.es/medias/h79/haa/8864106184734.jpg"},{"title":"KELIA polo resfrescante para congelar 0% azúcar bolsa 12 uds","price":"1,69 €","pricePerUnit":"(2,64 €/l.)","imgUrl":"https://s3.dia.es/medias/h76/h26/9115227750430.jpg"},{"title":"KELIA polo resfrescante para congelar 2 gustos bolsa 8 uds","price":"1,00 €","pricePerUnit":"(1,56 €/l.)","imgUrl":"https://s3.dia.es/medias/h16/h7f/8888473452574.jpg"},{"title":"NESTLE helado fantasmikos 15 uds 240 gr","price":"3,55 €","pricePerUnit":"(14,61 €/Kg.)","imgUrl":"https://s3.dia.es/medias/hde/h6b/9565894443038.jpg"},{"title":"NESTLE helado mikolápiz caja 5 uds 250 gr","price":"3,49 €","pricePerUnit":"(13,96 €/Kg.)","imgUrl":"https://s0.dia.es/medias/hc2/hc3/9580639387678.jpg"},{"title":"NESTLE mini pirulo tropical caja 6 uds 300 gr","price":"3,85 €","pricePerUnit":"(12,83 €/Kg.)","imgUrl":"https://s3.dia.es/medias/hf0/ha5/9565244293150.jpg"}]},"sandwich":{"categoryUrl":"/compra-online/productos/congelados-y-helados/helados/sandwich/c/WEB.007.053.00378","products":[{"title":"DIA helado mini sandwich sabor nata 12 uds caja 372 gr","price":"2,30 €","pricePerUnit":"(6,18 €/Kg.)","imgUrl":"https://s3.dia.es/medias/h74/h19/9653629812766.jpg"},{"title":"DIA VITAL helado mini sandwich sabor a nata sin azúcares añadidos caja 310 gr","price":"2,30 €","pricePerUnit":"(8,21 €/Kg.)","imgUrl":"https://s2.dia.es/medias/h5c/h17/9653627846686.jpg"},{"title":"NESTLE helado maxibon cookies caja 4 uds 360 gr","price":"3,95 €","pricePerUnit":"(10,97 €/Kg.)","imgUrl":"https://s1.dia.es/medias/hd5/h56/9280767033374.jpg"},{"title":"NESTLE helado maxibon nata caja 4 uds 384 gr","price":"3,95 €","pricePerUnit":"(9,68 €/Kg.)","imgUrl":"https://s1.dia.es/medias/hd0/h0b/9300128038942.jpg"},{"title":"NESTLE helado mini maxibon cookies caja 6 uds 354 gr","price":"3,85 €","pricePerUnit":"(10,88 €/Kg.)","imgUrl":"https://s1.dia.es/medias/h3a/h31/9580713312286.jpg"},{"title":"NESTLE helado mini maxibon nata caja 6 uds 325 gr","price":"3,85 €","pricePerUnit":"(11,85 €/Kg.)","imgUrl":"https://s3.dia.es/medias/h8a/h3c/9580657147934.jpg"},{"title":"OREO helado sandwich caja 6 uds 198 gr","price":"3,30 €","pricePerUnit":"(13,10 €/Kg.)","imgUrl":"https://s2.dia.es/medias/hf2/h9e/9565227253790.jpg"},{"title":"SOMOSIERRA helado sandwich nata y chocolate caja 6 uds 300 gr","price":"1,89 €","pricePerUnit":"(6,30 €/Kg.)","imgUrl":"https://s1.dia.es/medias/hca/h75/8869993611294.jpg"}]},"tarrinas":{"categoryUrl":"/compra-online/productos/congelados-y-helados/helados/tarrinas/c/WEB.007.053.00379","products":[{"title":"CARTE D' OR helado de chocolate brownie barqueta 500 gr","price":"4,69 €","pricePerUnit":"(9,38 €/Kg.)","imgUrl":"https://s0.dia.es/medias/hae/hc9/9513202712606.jpg"},{"title":"CARTE D' OR helado de vainilla barqueta 500 gr","price":"3,05 €","pricePerUnit":"(6,10 €/Kg.)","imgUrl":"https://s2.dia.es/medias/hf8/h23/9681327980574.jpg"},{"title":"CARTE D' OR helado de yogur con frutas del bosque barqueta 500 gr","price":"4,69 €","pricePerUnit":"(9,38 €/Kg.)","imgUrl":"https://s2.dia.es/medias/h51/hfe/9513124003870.jpg"},{"title":"CARTE D' OR sorbete de limón barqueta 500 gr","price":"2,99 €","pricePerUnit":"(5,98 €/Kg.)","imgUrl":"https://s3.dia.es/medias/h85/h93/9513031303198.jpg"},{"title":"CARTE D' OR sorbete de mandarina barqueta 600 gr","price":"2,99 €","pricePerUnit":"(4,98 €/Kg.)","imgUrl":"https://s3.dia.es/medias/h7a/hf2/9565235773470.jpg"},{"title":"DIA helado de avena sabor vainilla barqueta 585 gr","price":"2,99 €","pricePerUnit":"(5,11 €/Kg.)","imgUrl":"https://s3.dia.es/medias/h93/h3a/9657979207710.jpg"},{"title":"DIA helado de chocolate con menta tarrina 350 gr","price":"2,40 €","pricePerUnit":"(6,86 €/Kg.)","imgUrl":"https://s1.dia.es/medias/had/h39/9665598849054.jpg"},{"title":"DIA helado de chocolate con trocitos de chocolate barqueta 500 gr","price":"2,15 €","pricePerUnit":"(4,30 €/Kg.)","imgUrl":"https://s1.dia.es/medias/h72/h82/8822056779806.png"},{"title":"DIA helado de coco con brownie tarrina 350 gr","price":"2,40 €","pricePerUnit":"(6,86 €/Kg.)","imgUrl":"https://s1.dia.es/medias/hdb/h7b/9665596227614.jpg"},{"title":"DIA helado de fresa barqueta 550 gr","price":"2,15 €","pricePerUnit":"(3,91 €/Kg.)","imgUrl":"https://s3.dia.es/medias/h07/hc2/9658008567838.jpg"},{"title":"DIA helado de vainilla barqueta 550 gr","price":"1,80 €","pricePerUnit":"(3,27 €/Kg.)","imgUrl":"https://s0.dia.es/medias/h62/hee/9658008895518.jpg"},{"title":"DIA helado dulce de leche barqueta 500 gr","price":"2,15 €","pricePerUnit":"(4,30 €/Kg.)","imgUrl":"https://s0.dia.es/medias/h1d/h1c/8823158767646.png"},{"title":"DIA helado frutas del bosque barqueta 593 gr","price":"2,15 €","pricePerUnit":"(3,63 €/Kg.)","imgUrl":"https://s1.dia.es/medias/h77/he3/9388752601118.jpg"},{"title":"DIA helado sabor tarta de limón con merengue tarrina 500 gr","price":"2,15 €","pricePerUnit":"(4,30 €/Kg.)","imgUrl":"https://s1.dia.es/medias/h24/h8f/9520218963998.jpg"},{"title":"DIA helado stracciatella barqueta 495 gr","price":"2,15 €","pricePerUnit":"(4,34 €/Kg.)","imgUrl":"https://s3.dia.es/medias/h97/h53/8825600540702.png"},{"title":"DIA helado tiramisú barqueta 500 gr","price":"2,15 €","pricePerUnit":"(4,30 €/Kg.)","imgUrl":"https://s1.dia.es/medias/hee/hbb/9084464627742.jpg"},{"title":"DIA sorbete de limón barqueta 500 gr","price":"1,80 €","pricePerUnit":"(3,46 €/Kg.)","imgUrl":"https://s3.dia.es/medias/ha8/h03/9653630468126.jpg"},{"title":"HAAGEN DAZS helado caramelo tarrina 400 gr","price":"6,29 €","pricePerUnit":"(15,73 €/Kg.)","imgUrl":"https://s2.dia.es/medias/h71/hd7/9548171870238.jpg"},{"title":"HAAGEN DAZS helado chocolate belga tarrina 400 gr","price":"6,29 €","pricePerUnit":"(15,73 €/Kg.)","imgUrl":"https://s1.dia.es/medias/h85/h2c/9548172197918.jpg"},{"title":"HAAGEN DAZS helado dulce de leche tarrina 400 gr","price":"6,29 €","pricePerUnit":"(15,73 €/Kg.)","imgUrl":"https://s0.dia.es/medias/hdf/hee/9548164988958.jpg"},{"title":"HAAGEN DAZS helado fresa tarrina 400 gr","price":"6,29 €","pricePerUnit":"(15,73 €/Kg.)","imgUrl":"https://s3.dia.es/medias/h23/h47/9548158763038.jpg"},{"title":"HAAGEN DAZS helado nata y cookies tarrina 386 gr","price":"6,29 €","pricePerUnit":"(16,30 €/Kg.)","imgUrl":"https://s1.dia.es/medias/ha4/hef/9548169904158.jpg"},{"title":"HAAGEN DAZS helado tarta de queso tarrina 400 gr","price":"6,29 €","pricePerUnit":"(15,73 €/Kg.)","imgUrl":"https://s2.dia.es/medias/hb2/h81/9548063014942.jpg"},{"title":"HAAGEN DAZS helado vainilla macadamia tarrina 400 gr","price":"6,29 €","pricePerUnit":"(15,73 €/Kg.)","imgUrl":"https://s3.dia.es/medias/h1c/hce/9548160073758.jpg"},{"title":"MAGNUM helado con fragmentos de chocolate y almendras tarrina 297 gr","price":"5,99 €","pricePerUnit":"(20,17 €/Kg.)","imgUrl":"https://s2.dia.es/medias/h1e/h88/9513033924638.jpg"},{"title":"MAGNUM helado white chocolate & cookies tarrina 300 gr","price":"5,99 €","pricePerUnit":"(19,97 €/Kg.)","imgUrl":"https://s0.dia.es/medias/h7d/ha1/9674567286814.jpg"}]},"bloques":{"categoryUrl":"/compra-online/productos/congelados-y-helados/helados/bloques/c/WEB.007.053.00381","products":[{"title":"DIA helado bloque de turrón caja 530 gr","price":"1,65 €","pricePerUnit":"(3,11 €/Kg.)","imgUrl":"https://s3.dia.es/medias/h9d/hf2/9665593049118.jpg"},{"title":"DIA helado tres sabores nata/chocolate/vainilla bloque 430 gr","price":"0,83 €","pricePerUnit":"(1,93 €/Kg.)","imgUrl":"https://s3.dia.es/medias/h18/h56/9628197158942.jpg"}]},"tartas-y-otros-postres":{"categoryUrl":"/compra-online/productos/congelados-y-helados/helados/tartas-y-otros-postres/c/WEB.007.053.00382","products":[{"title":"CARTE D' OR tarta de queso con arándanos caja 450 gr","price":"8,95 €","pricePerUnit":"(19,89 €/Kg.)","imgUrl":"https://s1.dia.es/medias/hd5/h1f/9561870794782.jpg"},{"title":"CARTE D' OR tarta massini caja 500 gr","price":"8,95 €","pricePerUnit":"(17,90 €/Kg.)","imgUrl":"https://s2.dia.es/medias/h51/h72/9561867845662.jpg"},{"title":"DIA tarta congelada laminada nata y chocolate caja 515 gr","price":"1,59 €","pricePerUnit":"(3,09 €/Kg.)","imgUrl":"https://s1.dia.es/medias/h3c/h41/8823672078366.png"},{"title":"DIA tarta congelada whisky caja 531 gr","price":"2,44 €","pricePerUnit":"(4,60 €/Kg.)","imgUrl":"https://s0.dia.es/medias/he7/h9f/8848178020382.png"},{"title":"FRIGO Comtessa tarta sabor chocolate y avellanas caja 550 gr","price":"3,99 €","pricePerUnit":"(7,25 €/Kg.)","imgUrl":"https://s1.dia.es/medias/hda/h8f/9597125623838.jpg"},{"title":"FRIGO Comtessa tarta sabor nata caja 500 gr","price":"4,19 €","pricePerUnit":"(8,38 €/Kg.)","imgUrl":"https://s2.dia.es/medias/hb4/haa/9621698215966.jpg"},{"title":"OREO tarta de queso con galletas oreo caja 350 gr","price":"6,56 €","pricePerUnit":"(18,74 €/Kg.)","imgUrl":"https://s0.dia.es/medias/h5d/h4a/9667549364254.jpg"},{"title":"SAN MARTIN tarta fiesta infantil 1 Kg","price":"9,99 €","pricePerUnit":"(9,99 €/Kg.)","imgUrl":"https://s3.dia.es/medias/h4a/h24/9592240668702.jpg"},{"title":"SAN MARTIN tarta galleta con chocolate 550 gr","price":"8,25 €","pricePerUnit":"(15,00 €/Kg.)","imgUrl":"https://s0.dia.es/medias/h7d/h4f/8979689504798.jpg"},{"title":"TENTADORE brazo de trufa 500 gr","price":"5,15 €","pricePerUnit":"(10,30 €/Kg.)","imgUrl":"https://s2.dia.es/medias/hf1/h6a/9545988276254.jpg"}]},"nata":{"categoryUrl":"/compra-online/productos/congelados-y-helados/helados/nata/c/WEB.007.053.00380","products":[{"title":"SOMOSIERRA nata montada congelada tarrina 250 gr","price":"1,35 €","pricePerUnit":"(5,63 €/Kg.)","imgUrl":"https://s3.dia.es/medias/hbc/h22/9561867517982.jpg"}]},"hielo":{"categoryUrl":"/compra-online/productos/congelados-y-helados/helados/hielo/c/WEB.007.053.00383","products":[{"title":"cubitos de hielo bolsa 2 kgs","price":"0,89 €","pricePerUnit":"(0,45 €/Kg.)","imgUrl":"https://s1.dia.es/medias/h03/h14/9671028015134.jpg"},{"title":"LA CONFIANZA hielo picado bolsa 2 Kg","price":"1,00 €","pricePerUnit":"(0,50 €/Kg.)","imgUrl":"https://s3.dia.es/medias/h18/h03/9326297481246.jpg"}]},"zumos-horchatas-y-granizados":{"categoryUrl":"/compra-online/productos/congelados-y-helados/helados/zumos-horchatas-y-granizados/c/WEB.007.053.00384","products":[{"title":"MERCADER granizado de limón pack 4 x 200 ml","price":"2,10 €","pricePerUnit":"(2,76 €/Kg.)","imgUrl":"https://s1.dia.es/medias/h1f/hb0/8910817689630.jpg"}]},"galletas-y-cucuruchos-para-helado":{"categoryUrl":"/compra-online/productos/congelados-y-helados/helados/galletas-y-cucuruchos-para-helado/c/WEB.007.053.00385","products":[{"title":"DICAR cucuruchos de galleta caja 100 grs","price":"1,07 €","pricePerUnit":"(10,70 €/Kg.)","imgUrl":"https://s1.dia.es/medias/h1b/h00/9351998406686.jpg"},{"title":"DICAR obleas para helado paquete 70 gr","price":"0,57 €","pricePerUnit":"(7,60 €/Kg.)","imgUrl":"https://s3.dia.es/medias/hcd/hf4/8835692068894.png"},{"title":"DICAR tulipas para helado caja 75 grs","price":"1,69 €","pricePerUnit":"(22,53 €/Kg.)","imgUrl":"https://s3.dia.es/medias/he3/hda/8833110802462.png"}]}},"pescado-y-marisco":{"name":"Pescadoymarisco","productTypes":["calamar-y-otros-cefalopodos","calamar-y-otros-cefalopodos-preparados","pescado","pescado-preparado","marisco","marisco-preparado","palitos-de-cangrejo-surimi-y-gulas","preparados-paella-y-caldo"],"calamar-y-otros-cefalopodos":{"categoryUrl":"/compra-online/productos/congelados-y-helados/pescado-y-marisco/calamar-y-otros-cefalopodos/c/WEB.007.055.00388","products":[{"title":"DIA anillas de pota bolsa 400 gr","price":"4,28 €","pricePerUnit":"(10,70 €/Kg.)","imgUrl":"https://s1.dia.es/medias/h0f/hee/8822449471518.png"},{"title":"DIA calamar troceado bolsa 450 gr","price":"3,85 €","pricePerUnit":"(8,56 €/Kg.)","imgUrl":"https://s1.dia.es/medias/hae/hb5/8894353702942.png"},{"title":"DIA pulpo cocido troceado ultracongelado envase 275 gr","price":"6,54 €","pricePerUnit":"(23,78 €/Kg.)","imgUrl":"https://s2.dia.es/medias/h1c/hf2/8821897658398.png"},{"title":"PESCANOVA calamar limpio envase 400 gr","price":"4,45 €","pricePerUnit":"(11,13 €/Kg.)","imgUrl":"https://s3.dia.es/medias/h2a/hed/9191619428382.jpg"},{"title":"PESCANOVA sepia limpia bandeja 400 gr","price":"4,99 €","pricePerUnit":"(12,48 €/Kg.)","imgUrl":"https://s0.dia.es/medias/hfb/he2/9519131590686.jpg"},{"title":"Sepia limpia (peso aprox. 600 gr)","price":"7,44 €","pricePerUnit":"(12,40 €/Kg.)","imgUrl":"https://s3.dia.es/medias/h2c/h2d/8834317549598.png"},{"title":"Tubo de pota (peso aprox. 205 gr)","price":"2,26 €","pricePerUnit":"(11,00 €/Kg.)","imgUrl":"https://s3.dia.es/medias/h58/h5a/8833562640414.png"}]},"calamar-y-otros-cefalopodos-preparados":{"categoryUrl":"/compra-online/productos/congelados-y-helados/pescado-y-marisco/calamar-y-otros-cefalopodos-preparados/c/WEB.007.055.00393","products":[{"title":"DIA anillas de calamar a la romana bolsa 500 gr","price":"3,39 €","pricePerUnit":"(6,78 €/Kg.)","imgUrl":"https://s2.dia.es/medias/hf9/h54/8821863055390.png"},{"title":"DIA caprichos bolsa 500 gr","price":"1,99 €","pricePerUnit":"(3,98 €/Kg.)","imgUrl":"https://s3.dia.es/medias/h0e/hef/8822480928798.png"},{"title":"DIA rabas empanadas bolsa 500 gr","price":"3,99 €","pricePerUnit":"(7,98 €/Kg.)","imgUrl":"https://s1.dia.es/medias/hee/h3d/8822483550238.png"},{"title":"PESCANOVA caprichos a la romana bolsa 400 gr","price":"2,52 €","pricePerUnit":"(6,30 €/Kg.)","imgUrl":"https://s1.dia.es/medias/h18/hd2/9191710261278.jpg"}]},"pescado":{"categoryUrl":"/compra-online/productos/congelados-y-helados/pescado-y-marisco/pescado/c/WEB.007.055.00390","products":[{"title":"CAMPOS filetes de atún sin piel caja 225 gr","price":"3,98 €","pricePerUnit":"(17,69 €/Kg.)","imgUrl":"https://s3.dia.es/medias/h2c/h3c/9169851973662.jpg"},{"title":"Cola de rape (peso aprox. 400 gr)","price":"2,98 €","pricePerUnit":"(7,45 €/Kg.)","imgUrl":"https://s1.dia.es/medias/h87/h9f/8899514236958.png"},{"title":"DIA filetes de bacalao envase 400 gr","price":"4,49 €","pricePerUnit":"(11,23 €/Kg.)","imgUrl":"https://s2.dia.es/medias/h4b/h99/8821871443998.png"},{"title":"DIA filetes de fletán negro bolsa 500 gr","price":"6,59 €","pricePerUnit":"(13,18 €/Kg.)","imgUrl":"https://s1.dia.es/medias/h7c/h3c/9592298471454.jpg"},{"title":"DIA filetes de merluza argentina sin piel bolsa 1 Kg","price":"5,85 €","pricePerUnit":"(5,85 €/Kg.)","imgUrl":"https://s2.dia.es/medias/h65/hd0/8822960521246.png"},{"title":"DIA filetes de merluza del cabo sin piel bolsa 600 gr","price":"3,98 €","pricePerUnit":"(6,63 €/Kg.)","imgUrl":"https://s1.dia.es/medias/hc6/ha4/8823008755742.png"},{"title":"DIA rodajas de pez espada bolsa 500 gr","price":"4,89 €","pricePerUnit":"(9,78 €/Kg.)","imgUrl":"https://s0.dia.es/medias/hd2/h4b/8823932125214.png"},{"title":"DIA ventrescas de merluza caja 400 gr","price":"2,99 €","pricePerUnit":"(7,48 €/Kg.)","imgUrl":"https://s3.dia.es/medias/hd1/hd0/8823054958622.png"},{"title":"DIMAR  filetes de bacalao envase 360 gr","price":"6,30 €","pricePerUnit":"(17,50 €/Kg.)","imgUrl":"https://s0.dia.es/medias/hbb/h08/9308492267550.jpg"},{"title":"DIMAR lomos de salmón salvaje envase 360 gr","price":"7,99 €","pricePerUnit":"(22,19 €/Kg.)","imgUrl":"https://s3.dia.es/medias/h53/haa/9502025252894.jpg"},{"title":"FERRER supremas de salmón con piel envase 250 gr","price":"8,95 €","pricePerUnit":"(35,80 €/Kg.)","imgUrl":"https://s2.dia.es/medias/hd1/hcb/9326265630750.jpg"},{"title":"Merluza entera precortada (peso aprox. 850 gr)","price":"4,75 €","pricePerUnit":"(5,59 €/Kg.)","imgUrl":"https://s0.dia.es/medias/h38/h1b/8834675114014.png"},{"title":"PESCANOVA centros de merluza caja 450 gr","price":"6,37 €","pricePerUnit":"(15,93 €/Kg.)","imgUrl":"https://s3.dia.es/medias/h6f/h71/9523644137502.jpg"},{"title":"PESCANOVA corazones de merluza caja 500 gr","price":"5,45 €","pricePerUnit":"(10,90 €/Kg.)","imgUrl":"https://s3.dia.es/medias/h8c/h7e/9197646577694.jpg"},{"title":"PESCANOVA filete de bacalao envase 400 gr","price":"6,55 €","pricePerUnit":"(16,38 €/Kg.)","imgUrl":"https://s1.dia.es/medias/h77/h83/9191513915422.jpg"},{"title":"PESCANOVA filetes de merluza baby bolsa 400 gr","price":"3,89 €","pricePerUnit":"(9,73 €/Kg.)","imgUrl":"https://s1.dia.es/medias/h18/h40/9196688343070.jpg"},{"title":"PESCANOVA filetes de merluza sin piel bolsa 800 gr","price":"8,23 €","pricePerUnit":"(10,29 €/Kg.)","imgUrl":"https://s2.dia.es/medias/h46/he6/9282307358750.jpg"},{"title":"PESCANOVA filetes de merluza sin piel envase 400 gr","price":"3,99 €","pricePerUnit":"(9,98 €/Kg.)","imgUrl":"https://s2.dia.es/medias/h17/h1e/9196688670750.jpg"},{"title":"PESCANOVA lomos de bacalao bolsa 300 gr","price":"4,95 €","pricePerUnit":"(16,50 €/Kg.)","imgUrl":"https://s3.dia.es/medias/h94/hcd/9191509327902.jpg"},{"title":"PESCANOVA lomos de merluza caja 400 gr","price":"5,95 €","pricePerUnit":"(14,88 €/Kg.)","imgUrl":"https://s3.dia.es/medias/he0/hfe/9230056226846.jpg"},{"title":"PESCANOVA solomillo de bacalao en su punto de sal 550 gr","price":"10,95 €","pricePerUnit":"(19,91 €/Kg.)","imgUrl":"https://s0.dia.es/medias/h67/hc4/9191614185502.jpg"},{"title":"PESCANOVA ventresca de merluza caja 400 gr","price":"4,50 €","pricePerUnit":"(11,25 €/Kg.)","imgUrl":"https://s3.dia.es/medias/h6e/h97/9230019395614.jpg"},{"title":"Rodaja de pez espada (peso aprox. 250 gr)","price":"2,65 €","pricePerUnit":"(10,59 €/Kg.)","imgUrl":"https://s3.dia.es/medias/hfb/h4c/8833930428446.png"},{"title":"SKREI filetes de bacalao desalado bandeja 279 gr","price":"6,99 €","pricePerUnit":"(23,30 €/Kg.)","imgUrl":"https://s3.dia.es/medias/hb7/h43/9326269300766.jpg"}]},"pescado-preparado":{"categoryUrl":"/compra-online/productos/congelados-y-helados/pescado-y-marisco/pescado-preparado/c/WEB.007.055.00395","products":[{"title":"DIA DELICIOUS bacalao en salsa mediterránea tarrina 250 gr","price":"3,99 €","pricePerUnit":"(15,96 €/Kg.)","imgUrl":"https://s0.dia.es/medias/hd6/h23/9326281162782.jpg"},{"title":"DIA figuritas de merluza bolsa 400 gr","price":"1,87 €","pricePerUnit":"(4,68 €/Kg.)","imgUrl":"https://s3.dia.es/medias/hf0/h2a/8822971007006.png"},{"title":"DIA merluza rebozada al huevo caja 400 gr","price":"2,50 €","pricePerUnit":"(6,25 €/Kg.)","imgUrl":"https://s0.dia.es/medias/h1c/h26/8849852760094.png"},{"title":"PESCANOVA filete de merluza al huevo 320 gr","price":"3,90 €","pricePerUnit":"(12,19 €/Kg.)","imgUrl":"https://s2.dia.es/medias/hba/h12/9334670688286.jpg"},{"title":"PESCANOVA merluza rebozada caja 400 gr","price":"3,29 €","pricePerUnit":"(8,23 €/Kg.)","imgUrl":"https://s0.dia.es/medias/h12/h21/9334602596382.jpg"},{"title":"PESCANOVA varitas de merluza 450 gr","price":"2,95 €","pricePerUnit":"(6,56 €/Kg.)","imgUrl":"https://s0.dia.es/medias/h8c/h64/9334606921758.jpg"}]},"marisco":{"categoryUrl":"/compra-online/productos/congelados-y-helados/pescado-y-marisco/marisco/c/WEB.007.055.00389","products":[{"title":"DIA almeja del pacífico envase 450 gr","price":"1,93 €","pricePerUnit":"(4,29 €/Kg.)","imgUrl":"https://s0.dia.es/medias/hc2/hc5/8823848763422.png"},{"title":"DIA colas de gambón peladas crudas envase 200 gr","price":"4,40 €","pricePerUnit":"(22,00 €/Kg.)","imgUrl":"https://s1.dia.es/medias/h71/h58/8823847190558.png"},{"title":"DIA gamba grande pelada cruda 44/66 piezas bolsa 450 gr","price":"6,85 €","pricePerUnit":"(15,22 €/Kg.)","imgUrl":"https://s3.dia.es/medias/h12/h15/8856418123806.png"},{"title":"DIA gamba mediana pelada cruda  57/72 piezas bolsa 292 gr","price":"3,85 €","pricePerUnit":"(13,18 €/Kg.)","imgUrl":"https://s3.dia.es/medias/hbe/h59/8856558174238.png"},{"title":"DIA gamba pelada cruda 110/220 piezas bolsa 450 gr","price":"5,68 €","pricePerUnit":"(12,62 €/Kg.)","imgUrl":"https://s1.dia.es/medias/h00/h7e/8855773478942.png"},{"title":"DIA gambones langostinos austral crudo caja 1 kg","price":"13,60 €","pricePerUnit":"(13,60 €/Kg.)","imgUrl":"https://s1.dia.es/medias/ha9/hae/8833099792414.png"},{"title":"DIA langostino cocido grande 32/48 caja 800 gr","price":"8,70 €","pricePerUnit":"(10,88 €/Kg.)","imgUrl":"https://s3.dia.es/medias/he3/ha9/8823821500446.png"},{"title":"DIA langostino cocido mediano 48/64 caja 800 gr","price":"8,95 €","pricePerUnit":"(11,19 €/Kg.)","imgUrl":"https://s0.dia.es/medias/h82/hdc/8824414699550.png"},{"title":"DIA langostino crudo grande 32/48 caja 800 gr","price":"8,70 €","pricePerUnit":"(10,88 €/Kg.)","imgUrl":"https://s2.dia.es/medias/h7a/h3c/8822540697630.png"},{"title":"DIA langostino crudo mediano 48/64 caja 800 gr","price":"8,95 €","pricePerUnit":"(11,19 €/Kg.)","imgUrl":"https://s1.dia.es/medias/h2e/h03/8822020997150.png"},{"title":"FERRER frutos del mar bolsa 350 gr","price":"5,15 €","pricePerUnit":"(14,71 €/Kg.)","imgUrl":"https://s3.dia.es/medias/hed/heb/9520145432606.jpg"},{"title":"PESCANOVA gambas peladas bolsa 500 gr","price":"7,99 €","pricePerUnit":"(15,98 €/Kg.)","imgUrl":"https://s2.dia.es/medias/hc3/hc9/9508981833758.jpg"},{"title":"PESCANOVA preparado para paella caja 400 gr","price":"4,35 €","pricePerUnit":"(10,88 €/Kg.)","imgUrl":"https://s3.dia.es/medias/hf7/hf1/9661622911006.jpg"}]},"marisco-preparado":{"categoryUrl":"/compra-online/productos/congelados-y-helados/pescado-y-marisco/marisco-preparado/c/WEB.007.055.00394","products":[{"title":"FINDUS preparado para pella de marisco tradicional bandeja 400 gr","price":"4,99 €","pricePerUnit":"(12,48 €/Kg.)","imgUrl":"https://s3.dia.es/medias/h23/h0d/9322189291550.jpg"}]},"palitos-de-cangrejo-surimi-y-gulas":{"categoryUrl":"/compra-online/productos/congelados-y-helados/pescado-y-marisco/palitos-de-cangrejo-surimi-y-gulas/c/WEB.007.055.00391","products":[{"title":"DIA marulas envase 250 gr","price":"3,15 €","pricePerUnit":"(12,60 €/Kg.)","imgUrl":"https://s2.dia.es/medias/h8f/h9f/8854888972318.png"},{"title":"DIA muslitos de mar caja 250 gr","price":"1,60 €","pricePerUnit":"(6,40 €/Kg.)","imgUrl":"https://s3.dia.es/medias/h6e/h52/8822168977438.png"},{"title":"ESTRELLAS AGUINAGA con gambas envase 175 gr","price":"2,58 €","pricePerUnit":"(14,74 €/Kg.)","imgUrl":"https://s3.dia.es/medias/hbc/h0c/8823841423390.png"},{"title":"ESTRELLAS AGUINAGA envase 200 gr","price":"2,39 €","pricePerUnit":"(11,95 €/Kg.)","imgUrl":"https://s3.dia.es/medias/h0a/hf7/8824423088158.png"},{"title":"LA GULA DEL NORTE gulas bandeja 200 gr","price":"4,70 €","pricePerUnit":"(23,50 €/Kg.)","imgUrl":"https://s2.dia.es/medias/h54/h73/9631842074654.jpg"},{"title":"PESCANOVA anguriñas bandeja 200 gr","price":"1,99 €","pricePerUnit":"(9,95 €/Kg.)","imgUrl":"https://s3.dia.es/medias/hfb/hc6/9179067547678.jpg"},{"title":"PESCANOVA rollitos de mar envase 450 gr","price":"2,60 €","pricePerUnit":"(5,78 €/Kg.)","imgUrl":"https://s0.dia.es/medias/h90/hd3/9191734181918.jpg"}]},"preparados-paella-y-caldo":{"categoryUrl":"/compra-online/productos/congelados-y-helados/pescado-y-marisco/preparados-paella-y-caldo/c/WEB.007.055.00392","products":[{"title":"DIA preparado de paella con caldo envase 500 gr","price":"3,55 €","pricePerUnit":"(7,10 €/Kg.)","imgUrl":"https://s2.dia.es/medias/h18/he1/8823147233310.png"},{"title":"DIA preparado sopa de marisco envase 400 gr","price":"3,63 €","pricePerUnit":"(9,08 €/Kg.)","imgUrl":"https://s3.dia.es/medias/hc3/hca/8822925393950.png"}]}},"verdura-y-fruta":{"name":"Verdurayfruta","productTypes":["espinacas-y-acelgas","judias-verdes-habas-y-guisantes","menestras-y-ensaladillas","patatas","condimentos","otros-vegetales-simples","frutas"],"espinacas-y-acelgas":{"categoryUrl":"/compra-online/productos/congelados-y-helados/verdura-y-fruta/espinacas-y-acelgas/c/WEB.007.058.00408","products":[{"title":"DIA espinacas en hojas bolsa 400 gr","price":"0,69 €","pricePerUnit":"(1,72 €/Kg.)","imgUrl":"https://s3.dia.es/medias/hd7/h75/8898048524318.png"},{"title":"FINDUS acelgas en hojas bolsa 400 gr","price":"1,99 €","pricePerUnit":"(4,98 €/Kg.)","imgUrl":"https://s2.dia.es/medias/h9e/hfa/9322209673246.jpg"},{"title":"FINDUS espinacas cortadas bolsa 400 gr","price":"1,75 €","pricePerUnit":"(4,38 €/Kg.)","imgUrl":"https://s0.dia.es/medias/h78/h11/9586366152734.jpg"},{"title":"FINDUS espinacas en hojas bolsa 400 gr","price":"1,69 €","pricePerUnit":"(4,23 €/Kg.)","imgUrl":"https://s3.dia.es/medias/he3/hd5/9586381291550.jpg"}]},"judias-verdes-habas-y-guisantes":{"categoryUrl":"/compra-online/productos/congelados-y-helados/verdura-y-fruta/judias-verdes-habas-y-guisantes/c/WEB.007.058.00407","products":[{"title":"DIA guisantes finos bolsa 1 Kg","price":"1,10 €","pricePerUnit":"(1,10 €/Kg.)","imgUrl":"https://s0.dia.es/medias/h3b/ha0/9382699597854.jpg"},{"title":"DIA habas baby bolsa 400 gr","price":"1,44 €","pricePerUnit":"(3,60 €/Kg.)","imgUrl":"https://s1.dia.es/medias/hec/hb9/9394924650526.jpg"},{"title":"DIA judía verde plana bolsa 1 kg","price":"1,05 €","pricePerUnit":"(1,05 €/Kg.)","imgUrl":"https://s2.dia.es/medias/h42/hd8/9585741758494.jpg"},{"title":"DIA judía verde redonda bolsa 1 kg","price":"1,05 €","pricePerUnit":"(1,05 €/Kg.)","imgUrl":"https://s3.dia.es/medias/h06/h4a/8821910241310.png"},{"title":"FINDUS guisantes finos bolsa 750 gr","price":"2,80 €","pricePerUnit":"(3,73 €/Kg.)","imgUrl":"https://s0.dia.es/medias/hbb/hb9/9586365169694.jpg"},{"title":"FINDUS guisantes superfinos bolsa 400 gr","price":"2,09 €","pricePerUnit":"(5,23 €/Kg.)","imgUrl":"https://s2.dia.es/medias/hfb/hb9/9587085770782.jpg"},{"title":"FINDUS habas baby tiernas bolsa 400 gr","price":"3,69 €","pricePerUnit":"(9,23 €/Kg.)","imgUrl":"https://s2.dia.es/medias/h68/heb/9322158260254.jpg"},{"title":"FINDUS judías verdes planas bolsa 750 gr","price":"2,80 €","pricePerUnit":"(3,73 €/Kg.)","imgUrl":"https://s0.dia.es/medias/heb/hbd/9586369101854.jpg"},{"title":"FINDUS judías verdes troceadas bolsa 750 gr","price":"2,80 €","pricePerUnit":"(3,73 €/Kg.)","imgUrl":"https://s2.dia.es/medias/h2c/h61/9586376704030.jpg"}]},"menestras-y-ensaladillas":{"categoryUrl":"/compra-online/productos/congelados-y-helados/verdura-y-fruta/menestras-y-ensaladillas/c/WEB.007.058.00409","products":[{"title":"DIA brócoli, coliflor, zanahoria bolsa 1 kg","price":"1,95 €","pricePerUnit":"(1,95 €/Kg.)","imgUrl":"https://s2.dia.es/medias/h56/haf/8823785324574.png"},{"title":"DIA menestra de verduras bolsa 1 kg","price":"1,25 €","pricePerUnit":"(1,25 €/Kg.)","imgUrl":"https://s2.dia.es/medias/h63/h7d/9585740775454.jpg"},{"title":"DIA verduras para paella bolsa 450 gr","price":"0,75 €","pricePerUnit":"(1,67 €/Kg.)","imgUrl":"https://s3.dia.es/medias/h61/hbd/8833564213278.png"},{"title":"FINDUS ensaladilla bolsa 750 gr","price":"2,80 €","pricePerUnit":"(3,73 €/Kg.)","imgUrl":"https://s0.dia.es/medias/ha8/h6c/9586383585310.jpg"},{"title":"FINDUS menestra de la huerta bolsa 750 gr","price":"3,77 €","pricePerUnit":"(5,03 €/Kg.)","imgUrl":"https://s0.dia.es/medias/h81/h7a/9322309943326.jpg"},{"title":"FINDUS menestra de verduras bolsa 400 gr","price":"1,99 €","pricePerUnit":"(4,98 €/Kg.)","imgUrl":"https://s3.dia.es/medias/h0e/h0c/9586350424094.jpg"},{"title":"FINDUS verduras para sofrito bolsa 250 gr","price":"1,85 €","pricePerUnit":"(7,40 €/Kg.)","imgUrl":"https://s2.dia.es/medias/h22/hfb/9326292566046.jpg"}]},"patatas":{"categoryUrl":"/compra-online/productos/congelados-y-helados/verdura-y-fruta/patatas/c/WEB.007.058.00410","products":[{"title":"DIA patatas fritas congeladas muy finas bolsa 1 kg","price":"1,05 €","pricePerUnit":"(1,05 €/Kg.)","imgUrl":"https://s0.dia.es/medias/hc9/h9c/9025484685342.jpg"},{"title":"McCain patatas bravas bolsa 750 gr","price":"2,35 €","pricePerUnit":"(3,13 €/Kg.)","imgUrl":"https://s1.dia.es/medias/hc2/h2f/9646203437086.jpg"},{"title":"McCain patatas fritas forno julienne bolsa 600 gr","price":"2,45 €","pricePerUnit":"(4,08 €/Kg.)","imgUrl":"https://s0.dia.es/medias/hcd/h17/9646176239646.jpg"},{"title":"McCain patatas fritas tradition bolsa 1 Kg","price":"2,82 €","pricePerUnit":"(2,82 €/Kg.)","imgUrl":"https://s2.dia.es/medias/hdb/h3f/9386979721246.jpg"}]},"condimentos":{"categoryUrl":"/compra-online/productos/congelados-y-helados/verdura-y-fruta/condimentos/c/WEB.007.058.00405","products":[{"title":"DIA ajo troceado bolsa 200 gr","price":"1,45 €","pricePerUnit":"(7,25 €/Kg.)","imgUrl":"https://s3.dia.es/medias/hd5/h85/8823173447710.png"}]},"otros-vegetales-simples":{"categoryUrl":"/compra-online/productos/congelados-y-helados/verdura-y-fruta/otros-vegetales-simples/c/WEB.007.058.00412","products":[{"title":"DIA alcachofas baby bolsa 300 gr","price":"2,65 €","pricePerUnit":"(8,83 €/Kg.)","imgUrl":"https://s1.dia.es/medias/h89/h51/9005679738910.jpg"},{"title":"DIA alcachofas bolsa 400 gr","price":"1,69 €","pricePerUnit":"(4,23 €/Kg.)","imgUrl":"https://s1.dia.es/medias/hb6/h24/9585741430814.jpg"},{"title":"DIA brócoli bolsa 1 Kg","price":"1,39 €","pricePerUnit":"(1,39 €/Kg.)","imgUrl":"https://s3.dia.es/medias/hf8/hcc/9585740447774.jpg"},{"title":"DIA coliflor bolsa 1 kg","price":"1,39 €","pricePerUnit":"(1,39 €/Kg.)","imgUrl":"https://s0.dia.es/medias/h7b/h7f/9585742741534.jpg"},{"title":"EL CAMPANILLO espárragos verdes caja 300 gr","price":"2,09 €","pricePerUnit":"(6,97 €/Kg.)","imgUrl":"https://s0.dia.es/medias/hd2/h70/9312699219998.jpg"},{"title":"FINDUS alcachofas troceadas bolsa 400 gr","price":"3,35 €","pricePerUnit":"(11,17 €/Kg.)","imgUrl":"https://s2.dia.es/medias/h75/hbb/9322198138910.jpg"},{"title":"FINDUS brocoli bolsa 360 gr","price":"1,95 €","pricePerUnit":"(5,42 €/Kg.)","imgUrl":"https://s1.dia.es/medias/h2f/h48/9322187325470.jpg"},{"title":"FINDUS coles de bruselas bolsa 400 gr","price":"1,85 €","pricePerUnit":"(4,63 €/Kg.)","imgUrl":"https://s2.dia.es/medias/h0f/h6c/9503222366238.jpg"}]},"frutas":{"categoryUrl":"/compra-online/productos/congelados-y-helados/verdura-y-fruta/frutas/c/WEB.007.058.00406","products":[{"title":"EL CAMPANILLO frutas del bosque caja 300 gr","price":"1,99 €","pricePerUnit":"(6,63 €/Kg.)","imgUrl":"https://s0.dia.es/medias/hee/hae/9312693354526.jpg"}]}},"carne-y-pollo":{"name":"Carneypollo","productTypes":["carne","pollo"],"carne":{"categoryUrl":"/compra-online/productos/congelados-y-helados/carne-y-pollo/carne/c/WEB.007.052.00373","products":[{"title":"BROOKLYN TOWN hamburguesas de carne black angus XL bolsa 2 uds 160 gr","price":"6,29 €","pricePerUnit":"(19,66 €/Kg.)","imgUrl":"https://s3.dia.es/medias/h68/hb7/9523563397150.jpg"},{"title":"BROOKLYN TOWN hamburguesas de carne retinto L bolsa 2 uds 130 gr","price":"3,41 €","pricePerUnit":"(13,12 €/Kg.)","imgUrl":"https://s3.dia.es/medias/h22/h93/9523575029790.jpg"}]},"pollo":{"categoryUrl":"/compra-online/productos/congelados-y-helados/carne-y-pollo/pollo/c/WEB.007.052.00374","products":[{"title":"BROOKLYN TOWN hamburguesas de carne black angus XL bolsa 2 uds 160 gr","price":"6,29 €","pricePerUnit":"(19,66 €/Kg.)","imgUrl":"https://s3.dia.es/medias/h68/hb7/9523563397150.jpg"},{"title":"BROOKLYN TOWN hamburguesas de carne retinto L bolsa 2 uds 130 gr","price":"3,41 €","pricePerUnit":"(13,12 €/Kg.)","imgUrl":"https://s3.dia.es/medias/h22/h93/9523575029790.jpg"}]}},"platos-precocinados":{"name":"Platosprecocinados","productTypes":["base-arroz-y-salteados","base-carne","base-pasta","base-pescado","base-verdura-y-salteados","croquetas","empanadillas","otros-precocinados"],"base-arroz-y-salteados":{"categoryUrl":"/compra-online/productos/congelados-y-helados/platos-precocinados/base-arroz-y-salteados/c/WEB.007.056.00396","products":[{"title":"DIA arroz 3 delicias bolsa 700 gr","price":"1,62 €","pricePerUnit":"(2,31 €/Kg.)","imgUrl":"https://s1.dia.es/medias/ha2/h30/8823155621918.png"},{"title":"DIA arroz 3 delicias con marisco bolsa 700 gr","price":"2,12 €","pricePerUnit":"(3,03 €/Kg.)","imgUrl":"https://s1.dia.es/medias/h06/h0c/8823107911710.png"},{"title":"DIA arroz negro con calamar y gambas bolsa 600 gr","price":"2,25 €","pricePerUnit":"(3,75 €/Kg.)","imgUrl":"https://s1.dia.es/medias/h77/h7a/8874352836638.png"},{"title":"DIA paella marisco bolsa 700 gr","price":"3,29 €","pricePerUnit":"(4,70 €/Kg.)","imgUrl":"https://s0.dia.es/medias/h41/he4/8823237935134.png"},{"title":"FINDUS arroz integral con verduras y pollo bolsa 350 gr","price":"2,95 €","pricePerUnit":"(8,43 €/Kg.)","imgUrl":"https://s2.dia.es/medias/h8b/h6e/9322287136798.jpg"},{"title":"FINDUS Salto arroz 3 delicias con marisco bolsa 500 gr","price":"2,89 €","pricePerUnit":"(5,78 €/Kg.)","imgUrl":"https://s3.dia.es/medias/hb4/hd3/9322256007198.jpg"},{"title":"FINDUS Salto arroz 3 delicias tradicional bolsa 500 gr","price":"2,89 €","pricePerUnit":"(5,78 €/Kg.)","imgUrl":"https://s3.dia.es/medias/h57/h73/9322257645598.jpg"}]},"base-carne":{"categoryUrl":"/compra-online/productos/congelados-y-helados/platos-precocinados/base-carne/c/WEB.007.056.00397","products":[{"title":"DIA fingers de pollo bolsa 400 gr","price":"3,29 €","pricePerUnit":"(8,23 €/Kg.)","imgUrl":"https://s0.dia.es/medias/hf0/hc0/8823685185566.png"},{"title":"DIA nuggets pollo bolsa 500 gr","price":"2,24 €","pricePerUnit":"(4,48 €/Kg.)","imgUrl":"https://s1.dia.es/medias/hd6/h8e/8822474637342.png"},{"title":"DIA nuggets pollo y queso bolsa 500 gr","price":"2,19 €","pricePerUnit":"(4,38 €/Kg.)","imgUrl":"https://s1.dia.es/medias/h2d/h7b/8822953181214.png"},{"title":"DIA relleno para fajitas pollo y verduras bolsa 300 gr","price":"1,29 €","pricePerUnit":"(4,30 €/Kg.)","imgUrl":"https://s1.dia.es/medias/hfb/hfb/8974069202974.jpg"},{"title":"DIA san jacobo caja 320 gr","price":"0,91 €","pricePerUnit":"(2,84 €/Kg.)","imgUrl":"https://s1.dia.es/medias/hf7/hd8/8822370304030.png"},{"title":"FRIPOZO crunchy de pollo con salsa barbacoa bolsa 300 gr","price":"2,00 €","pricePerUnit":"(6,67 €/Kg.)","imgUrl":"https://s0.dia.es/medias/hea/hc2/9673729540126.jpg"},{"title":"LA COCINERA cordon bleu caja 376 gr","price":"4,50 €","pricePerUnit":"(11,97 €/Kg.)","imgUrl":"https://s1.dia.es/medias/he6/hf2/9322154426398.jpg"},{"title":"LA COCINERA fingers de pollo caja 320 gr","price":"3,75 €","pricePerUnit":"(11,72 €/Kg.)","imgUrl":"https://s1.dia.es/medias/hed/h12/9322318463006.jpg"},{"title":"LA COCINERA nuggets caja 350 gr","price":"3,75 €","pricePerUnit":"(10,71 €/Kg.)","imgUrl":"https://s0.dia.es/medias/hd8/hff/9322314203166.jpg"},{"title":"LA COCINERA nuggets rebozado fino caja 400 gr","price":"3,75 €","pricePerUnit":"(9,38 €/Kg.)","imgUrl":"https://s1.dia.es/medias/h5f/hd6/9342435229726.jpg"},{"title":"LA COCINERA san jacobo jamon y queso empanado 5 ud caja 388 gr","price":"3,79 €","pricePerUnit":"(9,77 €/Kg.)","imgUrl":"https://s0.dia.es/medias/hc2/ha1/9322329276446.jpg"},{"title":"MAHESO nuggets de pollo receta maestra caja 300 gr","price":"2,99 €","pricePerUnit":"(9,97 €/Kg.)","imgUrl":"https://s3.dia.es/medias/h86/h4d/9639120306206.jpg"}]},"base-pasta":{"categoryUrl":"/compra-online/productos/congelados-y-helados/platos-precocinados/base-pasta/c/WEB.007.056.00398","products":[{"title":"DIA canelones de atún caja 600 gr","price":"2,10 €","pricePerUnit":"(3,50 €/Kg.)","imgUrl":"https://s3.dia.es/medias/hc2/h03/8822297427998.png"},{"title":"DIA canelones de carne caja 600 gr","price":"2,19 €","pricePerUnit":"(3,65 €/Kg.)","imgUrl":"https://s3.dia.es/medias/h61/hb2/8822256533534.png"},{"title":"DIA lasaña de carne caja 600 gr","price":"2,20 €","pricePerUnit":"(3,67 €/Kg.)","imgUrl":"https://s3.dia.es/medias/hc7/h75/8822422208542.png"},{"title":"FINDUS noodles con verduras y pollo bolsa 350 gr","price":"2,95 €","pricePerUnit":"(8,43 €/Kg.)","imgUrl":"https://s2.dia.es/medias/hdd/h1c/9322285498398.jpg"},{"title":"LA COCINERA canelones de atún caja 530 gr","price":"3,95 €","pricePerUnit":"(7,45 €/Kg.)","imgUrl":"https://s3.dia.es/medias/h32/h61/9326220050462.jpg"},{"title":"LA COCINERA canelones de carne caja 530 gr","price":"3,95 €","pricePerUnit":"(7,45 €/Kg.)","imgUrl":"https://s3.dia.es/medias/h3c/h65/9322202398750.jpg"},{"title":"LA COCINERA canelones de espinaca y queso fresco caja 530 gr","price":"3,95 €","pricePerUnit":"(7,45 €/Kg.)","imgUrl":"https://s2.dia.es/medias/h6f/ha9/9560184946718.jpg"},{"title":"LA COCINERA lasaña barbacoa 530 gr","price":"3,95 €","pricePerUnit":"(7,45 €/Kg.)","imgUrl":"https://s3.dia.es/medias/h7c/h01/9326221033502.jpg"},{"title":"LA COCINERA lasaña de carne caja 530 gr","price":"3,95 €","pricePerUnit":"(7,45 €/Kg.)","imgUrl":"https://s3.dia.es/medias/hff/h84/9574921076766.jpg"},{"title":"MAHESO canelones caseros de carne con bechamel bolsa 300 gr","price":"1,79 €","pricePerUnit":"(5,97 €/Kg.)","imgUrl":"https://s2.dia.es/medias/h53/h70/9639360331806.jpg"},{"title":"MAHESO fideos orientales yakisoba especial microondas 270 gr","price":"2,70 €","pricePerUnit":"(10,00 €/Kg.)","imgUrl":"https://s3.dia.es/medias/h3b/hdc/9639360987166.jpg"},{"title":"MAHESO lasaña 4 quesos 280 gr","price":"1,97 €","pricePerUnit":"(7,04 €/Kg.)","imgUrl":"https://s3.dia.es/medias/h8b/h1c/9118153670686.jpg"},{"title":"MAHESO lasaña casera boloñesa con bechamel bolsa 300 gr","price":"1,79 €","pricePerUnit":"(5,97 €/Kg.)","imgUrl":"https://s3.dia.es/medias/h99/h1a/9324973916190.jpg"},{"title":"MAHESO mussaka lasaña de berenjena 300 gr","price":"2,79 €","pricePerUnit":"(9,30 €/Kg.)","imgUrl":"https://s3.dia.es/medias/hd9/h8f/9639445921822.jpg"}]},"base-pescado":{"categoryUrl":"/compra-online/productos/congelados-y-helados/platos-precocinados/base-pescado/c/WEB.007.056.00399","products":[{"title":"DIA cola de gambón rebozada bolsa 300 gr","price":"4,85 €","pricePerUnit":"(16,17 €/Kg.)","imgUrl":"https://s0.dia.es/medias/h15/hd8/9169783160862.jpg"},{"title":"FRIDELA pimientos del piquillo rellenos de bacalao envase 120 gr","price":"1,00 €","pricePerUnit":"(8,33 €/Kg.)","imgUrl":"https://s1.dia.es/medias/h0f/hcf/9158822068254.jpg"},{"title":"PESCANOVA anillos a la romana caja 400 gr","price":"2,40 €","pricePerUnit":"(6,00 €/Kg.)","imgUrl":"https://s2.dia.es/medias/hba/hb0/9576892989470.jpg"},{"title":"PESCANOVA filetes de merluza empanados 340 gr","price":"2,69 €","pricePerUnit":"(7,91 €/Kg.)","imgUrl":"https://s1.dia.es/medias/h37/h96/9621627502622.jpg"},{"title":"PESCANOVA Tapeo piruletas crujientes de langostinos caja 160 gr","price":"4,19 €","pricePerUnit":"(26,19 €/Kg.)","imgUrl":"https://s0.dia.es/medias/h3f/h76/9191730905118.jpg"},{"title":"PESCANOVA tarta de langostinos caja 150 gr","price":"5,49 €","pricePerUnit":"(36,60 €/Kg.)","imgUrl":"https://s0.dia.es/medias/hb7/h40/9191616479262.jpg"}]},"base-verdura-y-salteados":{"categoryUrl":"/compra-online/productos/congelados-y-helados/platos-precocinados/base-verdura-y-salteados/c/WEB.007.056.00400","products":[{"title":"DIA parrillada de verduras con gambas bolsa 500 gr","price":"2,47 €","pricePerUnit":"(4,94 €/Kg.)","imgUrl":"https://s3.dia.es/medias/h16/h25/8823095853086.png"},{"title":"DIA parrillada de verduras con pollo bolsa 500 gr","price":"2,47 €","pricePerUnit":"(4,94 €/Kg.)","imgUrl":"https://s0.dia.es/medias/haf/hd5/8823258382366.png"},{"title":"DIA relleno para fajitas pollo y verduras bolsa 300 gr","price":"1,29 €","pricePerUnit":"(4,30 €/Kg.)","imgUrl":"https://s1.dia.es/medias/hfb/hfb/8974069202974.jpg"},{"title":"DIA revuelto de gambas, ajetes y espárragos bolsa 450 gr","price":"2,40 €","pricePerUnit":"(5,33 €/Kg.)","imgUrl":"https://s3.dia.es/medias/he0/hdc/8823201234974.png"},{"title":"DIA salteado campestre bolsa 600 gr","price":"1,28 €","pricePerUnit":"(2,13 €/Kg.)","imgUrl":"https://s3.dia.es/medias/h1e/h5f/8823208050718.png"},{"title":"DIA salteado de espinacas y gambas bolsa 450 gr","price":"2,39 €","pricePerUnit":"(5,31 €/Kg.)","imgUrl":"https://s2.dia.es/medias/h05/he5/8822528639006.png"},{"title":"DIA salteado de setas y champiñones bolsa 450 gr","price":"1,48 €","pricePerUnit":"(3,29 €/Kg.)","imgUrl":"https://s1.dia.es/medias/h98/h09/8823264673822.png"},{"title":"FINDUS Gourmet verduras al vapor con un toque aceite de oliva bolsa 350 gr","price":"2,35 €","pricePerUnit":"(6,71 €/Kg.)","imgUrl":"https://s2.dia.es/medias/h5c/hde/9322264854558.jpg"},{"title":"FINDUS Salto salteado campestre bolsa 500 gr","price":"2,99 €","pricePerUnit":"(5,98 €/Kg.)","imgUrl":"https://s0.dia.es/medias/hbb/h1b/9322168254494.jpg"},{"title":"FINDUS Salto salteado tradicional bolsa 500 gr","price":"2,99 €","pricePerUnit":"(5,98 €/Kg.)","imgUrl":"https://s2.dia.es/medias/h37/h90/9322155409438.jpg"},{"title":"FINDUS verdeliss espinacas a la crema bolsa 450 gr","price":"2,95 €","pricePerUnit":"(6,56 €/Kg.)","imgUrl":"https://s1.dia.es/medias/hdd/h92/9322221862942.jpg"},{"title":"FINDUS verdeliss espinacas al ajillo bolsa 450 gr","price":"2,95 €","pricePerUnit":"(6,56 €/Kg.)","imgUrl":"https://s1.dia.es/medias/hd9/ha5/9322310598686.jpg"},{"title":"FINDUS Verdeliss revuelto tradicional con setas bolsa 300 gr","price":"2,65 €","pricePerUnit":"(8,83 €/Kg.)","imgUrl":"https://s2.dia.es/medias/h67/h25/9322263216158.jpg"},{"title":"FINDUS verduras al vapor 4 estaciones un toque aceite de oliva bolsa 400gr","price":"2,19 €","pricePerUnit":"(5,48 €/Kg.)","imgUrl":"https://s1.dia.es/medias/h29/he6/9322285170718.jpg"},{"title":"MAHESO quinoa con kale y lentejas bolsa 300 gr","price":"2,59 €","pricePerUnit":"(8,63 €/Kg.)","imgUrl":"https://s1.dia.es/medias/hf3/h27/9639329071134.jpg"}]},"croquetas":{"categoryUrl":"/compra-online/productos/congelados-y-helados/platos-precocinados/croquetas/c/WEB.007.056.00401","products":[{"title":"CASA MAS croquetas de jamón ibérico bandeja 280 gr","price":"3,95 €","pricePerUnit":"(14,11 €/Kg.)","imgUrl":"https://s0.dia.es/medias/h40/hcb/9400183324702.jpg"},{"title":"DIA croquetas de jamón bolsa 500 gr","price":"0,99 €","pricePerUnit":"(1,98 €/Kg.)","imgUrl":"https://s2.dia.es/medias/hd8/h03/8980209762334.jpg"},{"title":"DIA croquetas de pollo bolsa 500 gr","price":"1,15 €","pricePerUnit":"(2,30 €/Kg.)","imgUrl":"https://s2.dia.es/medias/hb5/hbe/8980208058398.jpg"},{"title":"DIA mini croquetas de jamón bolsa 500 gr","price":"1,03 €","pricePerUnit":"(2,06 €/Kg.)","imgUrl":"https://s3.dia.es/medias/h61/hcd/8823075405854.png"},{"title":"LA COCINERA croquetas artesanas de cocido con jamón bolsa 500 gr","price":"3,50 €","pricePerUnit":"(7,00 €/Kg.)","imgUrl":"https://s1.dia.es/medias/h98/hf4/9590660038686.jpg"},{"title":"LA COCINERA croquetas artesanas de jamón ibérico bolsa 400 gr","price":"3,50 €","pricePerUnit":"(8,75 €/Kg.)","imgUrl":"https://s2.dia.es/medias/he5/hb8/9548141494302.jpg"},{"title":"LA COCINERA croquetas de bacalao a la cazuela bolsa 500 gr","price":"3,38 €","pricePerUnit":"(6,76 €/Kg.)","imgUrl":"https://s2.dia.es/medias/h8d/hac/9560211947550.jpg"},{"title":"LA COCINERA croquetas de jamón serrano bolsa 500 gr","price":"2,95 €","pricePerUnit":"(5,90 €/Kg.)","imgUrl":"https://s3.dia.es/medias/h43/h6f/9322176774174.jpg"},{"title":"LA COCINERA croquetas de pollo bolsa 500 gr","price":"2,79 €","pricePerUnit":"(5,58 €/Kg.)","imgUrl":"https://s0.dia.es/medias/h2f/hf0/9322292772894.jpg"}]},"empanadillas":{"categoryUrl":"/compra-online/productos/congelados-y-helados/platos-precocinados/empanadillas/c/WEB.007.056.00402","products":[{"title":"DIA empanadillas de bonito caja 8 uds 250 gr","price":"0,75 €","pricePerUnit":"(3,00 €/Kg.)","imgUrl":"https://s0.dia.es/medias/h46/h2b/8821909717022.png"},{"title":"DIA mini empanadillas de bonito bolsa 400 gr","price":"1,35 €","pricePerUnit":"(3,38 €/Kg.)","imgUrl":"https://s0.dia.es/medias/ha4/h17/8821900804126.png"},{"title":"LA COCINERA empanadillas de atún caja 312 gr","price":"3,15 €","pricePerUnit":"(10,10 €/Kg.)","imgUrl":"https://s1.dia.es/medias/h88/h90/9493651030046.jpg"},{"title":"LA COCINERA empanadillas de carne caja 312 gr","price":"2,99 €","pricePerUnit":"(9,58 €/Kg.)","imgUrl":"https://s3.dia.es/medias/h8c/h90/9496693014558.jpg"}]},"otros-precocinados":{"categoryUrl":"/compra-online/productos/congelados-y-helados/platos-precocinados/otros-precocinados/c/WEB.007.056.00404","products":[{"title":"DIA huevos con bechamel empanados bolsa 500 gr","price":"3,80 €","pricePerUnit":"(7,60 €/Kg.)","imgUrl":"https://s0.dia.es/medias/ha0/hbe/8823734992926.png"},{"title":"DIA palitos de mozzarella bolsa 400 gr","price":"2,49 €","pricePerUnit":"(6,23 €/Kg.)","imgUrl":"https://s2.dia.es/medias/hd3/ha9/8899466067998.png"},{"title":"DIA rollitos de primavera caja 450 gr","price":"2,35 €","pricePerUnit":"(5,22 €/Kg.)","imgUrl":"https://s2.dia.es/medias/ha4/h85/8823232692254.png"},{"title":"FINDUS preparado para tortilla de patatas con cebolla bolsa 550 gr","price":"3,15 €","pricePerUnit":"(5,73 €/Kg.)","imgUrl":"https://s3.dia.es/medias/hee/h3b/9370322862110.jpg"},{"title":"FRIPOZO preparado para huevos rotos bolsa 400 gr","price":"2,10 €","pricePerUnit":"(5,25 €/Kg.)","imgUrl":"https://s3.dia.es/medias/he9/h12/9673798320158.jpg"},{"title":"LA COCINERA  delicias de jamón y queso caja 300 gr","price":"3,35 €","pricePerUnit":"(11,17 €/Kg.)","imgUrl":"https://s3.dia.es/medias/hc1/h1f/9322162192414.jpg"}]}},"panificacion-y-reposteria":{"name":"Panificaciónyrepostería","productTypes":["churros-y-porras"],"churros-y-porras":{"categoryUrl":"/compra-online/productos/congelados-y-helados/panificacion-y-reposteria/churros-y-porras/c/WEB.007.054.00387","products":[{"title":"MAHESO churros lazo bolsa 500 gr","price":"1,57 €","pricePerUnit":"(3,14 €/Kg.)","imgUrl":"https://s2.dia.es/medias/hb3/hd4/9639454769182.jpg"},{"title":"MAHESO porras prefritas bolsa 320 gr","price":"1,99 €","pricePerUnit":"(6,22 €/Kg.)","imgUrl":"https://s0.dia.es/medias/h20/hbf/9639350435870.jpg"}]}}},"bebidas":{"name":"Bebidas","subCategoriesName":["zumos-y-nectares","aguas","refrescos","gaseosas-y-sodas","isotonicas-y-energeticas","cervezas","alcoholes-y-licores","sangrias-y-combinados-base-vino","finos-y-dulces","vinos-blancos","vinos-rosados","vinos-tintos","cavas-y-champagne","sidra"],"zumos-y-nectares":{"name":"Zumosynéctares","productTypes":["zumo-recien-exprimido","zumo","nectar","refrigerados","mosto"],"zumo-recien-exprimido":{"categoryUrl":"/compra-online/productos/bebidas/zumos-y-nectares/zumo-recien-exprimido/c/WEB.008.063.00435","products":[{"title":"CAPRISUN zumo de frutas multivitaminas pack 5 unidades 200 ml","price":"2,25 €","pricePerUnit":"(2,25 €/l.)","imgUrl":"https://s2.dia.es/medias/h86/h2e/9414175719454.jpg"},{"title":"CASINO BIO zumo de manzana y mango botella 1 lt","price":"2,25 €","pricePerUnit":"(2,25 €/l.)","imgUrl":"https://s3.dia.es/medias/h72/h9b/9328745250846.jpg"},{"title":"CHAMPIN champan infantil 75 cl","price":"2,35 €","pricePerUnit":"(3,13 €/l.)","imgUrl":"https://s0.dia.es/medias/hfd/hc8/9485276676126.jpg"},{"title":"DANONE ACTIVIA bífidus smoothie&go frutos amarillos botella 250 gr","price":"1,99 €","pricePerUnit":"(7,96 €/Kg.)","imgUrl":"https://s0.dia.es/medias/he6/hb7/9639480197150.jpg"},{"title":"DANONE ACTIVIA bífidus smoothie&go frutos rojos botella 250 gr","price":"1,99 €","pricePerUnit":"(7,96 €/Kg.)","imgUrl":"https://s3.dia.es/medias/h40/h19/9639479869470.jpg"},{"title":"DIA bebida de frutas con leche mediterráneo pack 6 unidades 200 ml","price":"0,87 €","pricePerUnit":"(0,73 €/l.)","imgUrl":"https://s2.dia.es/medias/hd6/h3c/8830430773278.png"},{"title":"DIA bebida de naranja y zanahoria botella 1 lt","price":"0,89 €","pricePerUnit":"(0,89 €/l.)","imgUrl":"https://s2.dia.es/medias/hd7/ha3/8993913733150.jpg"},{"title":"DIA DELICIOUS zumo exprimido 100% piña envase 1 lt","price":"1,79 €","pricePerUnit":"(1,79 €/l.)","imgUrl":"https://s0.dia.es/medias/hae/h0a/8974136344606.jpg"},{"title":"DIA Kids néctar melocotón y plátano pack 6 unidades 200 ml","price":"1,06 €","pricePerUnit":"(0,88 €/l.)","imgUrl":"https://s3.dia.es/medias/h55/h18/8822427975710.png"},{"title":"DIA nectar mango  botella 1 lt","price":"0,76 €","pricePerUnit":"(0,76 €/l.)","imgUrl":"https://s3.dia.es/medias/h3d/ha3/9142004580382.jpg"},{"title":"DIA nectar multifrutas botella 1lt","price":"0,86 €","pricePerUnit":"(0,86 €/l.)","imgUrl":"https://s0.dia.es/medias/h53/ha0/9142058647582.jpg"},{"title":"DIA nectar plátano botella 1 lt","price":"0,86 €","pricePerUnit":"(0,86 €/l.)","imgUrl":"https://s2.dia.es/medias/h5e/h54/9141984854046.jpg"},{"title":"DIA néctar light 5 frutas pack 6 unidades 200 ml","price":"1,25 €","pricePerUnit":"(1,04 €/l.)","imgUrl":"https://s2.dia.es/medias/hac/hd5/8901014683678.png"},{"title":"DIA néctar light melocotón envase 2 lt","price":"0,99 €","pricePerUnit":"(0,50 €/l.)","imgUrl":"https://s0.dia.es/medias/h0f/h2e/8821844181022.png"},{"title":"DIA néctar light melocotón pack 6 unidades 200 ml","price":"1,12 €","pricePerUnit":"(0,93 €/l.)","imgUrl":"https://s3.dia.es/medias/ha3/hd5/8823168729118.png"},{"title":"DIA néctar light naranja envase 2 lt","price":"0,98 €","pricePerUnit":"(0,49 €/l.)","imgUrl":"https://s3.dia.es/medias/h6c/ha8/8822305292318.png"},{"title":"DIA néctar light naranja pack 6 unidades 200 ml","price":"1,08 €","pricePerUnit":"(0,90 €/l.)","imgUrl":"https://s2.dia.es/medias/h99/h19/8901035851806.png"},{"title":"DIA néctar light pera envase 1 lt","price":"0,89 €","pricePerUnit":"(0,89 €/l.)","imgUrl":"https://s0.dia.es/medias/h43/h47/8901003608094.png"},{"title":"DIA néctar light piña envase 2 lt","price":"0,99 €","pricePerUnit":"(0,50 €/l.)","imgUrl":"https://s2.dia.es/medias/h2d/h60/8821899755550.png"},{"title":"DIA néctar light piña pack 6 unidades 200 ml","price":"1,06 €","pricePerUnit":"(0,88 €/l.)","imgUrl":"https://s1.dia.es/medias/heb/h89/8823195992094.png"},{"title":"DIA néctar light tropical envase 1 lt","price":"0,60 €","pricePerUnit":"(0,60 €/l.)","imgUrl":"https://s2.dia.es/medias/h54/ha9/8901013110814.png"},{"title":"DIA zumo de manzana envase 1 lt","price":"0,59 €","pricePerUnit":"(0,59 €/l.)","imgUrl":"https://s2.dia.es/medias/hcc/h9a/9352992358430.jpg"},{"title":"DIA zumo de manzana pack 6 unidades 200 ml","price":"1,09 €","pricePerUnit":"(0,91 €/l.)","imgUrl":"https://s3.dia.es/medias/h25/h10/9388717867038.jpg"},{"title":"DIA zumo de naranja  pack 6 unidades 200 ml","price":"1,09 €","pricePerUnit":"(0,91 €/l.)","imgUrl":"https://s3.dia.es/medias/h64/hfd/9141943959582.jpg"},{"title":"DIA zumo de piña envase 1 lt","price":"0,75 €","pricePerUnit":"(0,75 €/l.)","imgUrl":"https://s2.dia.es/medias/h3b/heb/9334502195230.jpg"},{"title":"DIA zumo de tomate envase 1 lt","price":"0,65 €","pricePerUnit":"(0,65 €/l.)","imgUrl":"https://s2.dia.es/medias/hd2/h99/8994009481246.jpg"},{"title":"DIA zumo exprimido naranja envase 1 lt","price":"0,99 €","pricePerUnit":"(0,99 €/l.)","imgUrl":"https://s2.dia.es/medias/he4/h6d/8830434967582.png"},{"title":"DIA zumo exprimido sin pulpa naranja envase 1 lt","price":"0,95 €","pricePerUnit":"(0,95 €/l.)","imgUrl":"https://s1.dia.es/medias/h43/hfd/9610210574366.jpg"},{"title":"DIA zumo melocotón manzana uva envase 1 lt","price":"0,61 €","pricePerUnit":"(0,61 €/l.)","imgUrl":"https://s3.dia.es/medias/he7/h85/9378568110110.jpg"},{"title":"DIA zumo melocotón manzana y uva pack 6 unidades 200 ml","price":"0,99 €","pricePerUnit":"(0,83 €/l.)","imgUrl":"https://s1.dia.es/medias/h1b/hb1/9388727697438.jpg"},{"title":"DIA zumo naranja 100% exprimido sin pulpa botella 1 lt","price":"1,34 €","pricePerUnit":"(1,34 €/l.)","imgUrl":"https://s3.dia.es/medias/he2/h0c/9026342944798.jpg"},{"title":"DIA zumo naranja envase 1 lt","price":"0,70 €","pricePerUnit":"(0,70 €/l.)","imgUrl":"https://s3.dia.es/medias/hf3/h8a/9378569912350.jpg"},{"title":"DIA zumo piña manzana uva envase 1 lt","price":"0,63 €","pricePerUnit":"(0,63 €/l.)","imgUrl":"https://s0.dia.es/medias/h1d/hc6/9352996290590.jpg"},{"title":"DIA zumo piña manzana y uva pack 6 unidades 200 ml","price":"0,99 €","pricePerUnit":"(0,83 €/l.)","imgUrl":"https://s1.dia.es/medias/h1d/h38/9352991375390.jpg"},{"title":"DISFRUTA exotico nectar frutos rojos envase 1 lt","price":"1,21 €\n\t\t\t\t\t\t\t1,06 €","pricePerUnit":"(1,21 €/l.)\n\t\t\t\t\t\t\t (1,06 €/l.)","imgUrl":"https://s0.dia.es/medias/hcb/h52/9610254614558.jpg"},{"title":"DISFRUTA Exótico néctar de naranja, mango y zanahoria envase 1 lt","price":"1,21 €\n\t\t\t\t\t\t\t1,06 €","pricePerUnit":"(1,21 €/l.)\n\t\t\t\t\t\t\t (1,06 €/l.)","imgUrl":"https://s2.dia.es/medias/h1b/h84/9610259988510.jpg"},{"title":"DISFRUTA Exótico néctar light mango envase 1 lt","price":"1,21 €\n\t\t\t\t\t\t\t1,06 €","pricePerUnit":"(1,21 €/l.)\n\t\t\t\t\t\t\t (1,06 €/l.)","imgUrl":"https://s3.dia.es/medias/h67/h4f/9610291413022.jpg"},{"title":"DISFRUTA nectar light manzana envase 2 lt","price":"2,24 €","pricePerUnit":"(1,12 €/l.)","imgUrl":"https://s1.dia.es/medias/h1d/hfd/9610257891358.jpg"},{"title":"DISFRUTA nectar sin azucar naranja envase 2 lt","price":"2,36 €","pricePerUnit":"(1,18 €/l.)","imgUrl":"https://s1.dia.es/medias/h11/h17/9610264477726.jpg"},{"title":"DISFRUTA néctar light 10 frutas con 10 vitaminas envase 2 lt","price":"2,24 €","pricePerUnit":"(1,12 €/l.)","imgUrl":"https://s3.dia.es/medias/hf7/h83/9610213785630.jpg"},{"title":"DISFRUTA néctar light 10 frutas con 10 vitaminas pack 6 unidades 200 ml","price":"2,17 €","pricePerUnit":"(1,81 €/l.)","imgUrl":"https://s0.dia.es/medias/h32/h29/9610212474910.jpg"},{"title":"DISFRUTA néctar light melocotón envase 2 lt","price":"2,29 €","pricePerUnit":"(1,15 €/l.)","imgUrl":"https://s3.dia.es/medias/hcf/h12/9640454619166.jpg"},{"title":"DISFRUTA néctar light pera piña envase 2 lt","price":"2,36 €","pricePerUnit":"(1,18 €/l.)","imgUrl":"https://s0.dia.es/medias/h6f/he3/9610263822366.jpg"},{"title":"DISFRUTA néctar light piña envase 2 lt","price":"2,36 €","pricePerUnit":"(1,18 €/l.)","imgUrl":"https://s1.dia.es/medias/h12/hcd/9610306617374.jpg"},{"title":"DISFRUTA néctar light piña pack 6 unidades 200 ml","price":"2,17 €","pricePerUnit":"(1,81 €/l.)","imgUrl":"https://s2.dia.es/medias/h0d/h6b/9610207559710.jpg"},{"title":"DISFRUTA néctar light tropical envase 2 lt","price":"2,24 €","pricePerUnit":"(1,12 €/l.)","imgUrl":"https://s0.dia.es/medias/h2c/hd6/9610208215070.jpg"},{"title":"DISFRUTA néctar melocotón sin azúcares añadidos pack 6 unidades 200 ml","price":"2,17 €","pricePerUnit":"(1,81 €/l.)","imgUrl":"https://s2.dia.es/medias/h9b/hf5/9610254286878.jpg"},{"title":"DON SIMON zumo de naranja exprimida con pulpa 1 lt","price":"1,65 €","pricePerUnit":"(1,65 €/l.)","imgUrl":"https://s0.dia.es/medias/h43/h3c/9565228236830.jpg"},{"title":"DON SIMON zumo de naranja exprimida sin pulpa envase 1 lt","price":"1,65 €","pricePerUnit":"(1,65 €/l.)","imgUrl":"https://s2.dia.es/medias/ha2/h51/9565253632030.jpg"},{"title":"DON SIMON zumo exprimido de naranja pack 3 unidades 200 ml","price":"1,05 €","pricePerUnit":"(1,75 €/l.)","imgUrl":"https://s0.dia.es/medias/h93/h3d/9535950389278.jpg"},{"title":"DON SIMON zumo exprimido piña y uva pack 3 unidades 200 ml","price":"1,00 €","pricePerUnit":"(1,67 €/l.)","imgUrl":"https://s0.dia.es/medias/h4c/h33/9550053146654.jpg"},{"title":"GRANINI nectar cocktail de frutas botella 1 lt","price":"1,99 €","pricePerUnit":"(1,99 €/l.)","imgUrl":"https://s3.dia.es/medias/h0b/hce/9671008256030.jpg"},{"title":"GRANINI nectar melocotón botella 1 lt","price":"1,99 €","pricePerUnit":"(1,99 €/l.)","imgUrl":"https://s0.dia.es/medias/h87/hc6/9671010222110.jpg"},{"title":"GRANINI nectar naranja y zanahoria ace botella 1 lt","price":"1,99 €","pricePerUnit":"(1,99 €/l.)","imgUrl":"https://s2.dia.es/medias/hb0/h23/9671009239070.jpg"},{"title":"GRANINI nectar piña botella 1 lt","price":"1,99 €","pricePerUnit":"(1,99 €/l.)","imgUrl":"https://s0.dia.es/medias/h7f/h3a/9671009566750.jpg"},{"title":"GRANINI néctar de arándanos botella 1 lt","price":"1,99 €","pricePerUnit":"(1,99 €/l.)","imgUrl":"https://s3.dia.es/medias/h28/h3c/9670899269662.jpg"},{"title":"GRANINI néctar de pomelo botella 1 lt","price":"2,09 €","pricePerUnit":"(2,09 €/l.)","imgUrl":"https://s3.dia.es/medias/heb/haf/9670896255006.jpg"},{"title":"GRANINI néctar melocotón pack 3 unidades 200 ml","price":"1,27 €","pricePerUnit":"(2,12 €/l.)","imgUrl":"https://s3.dia.es/medias/h54/h77/9671010549790.jpg"},{"title":"GRANINI néctar naranja botella 1 lt","price":"1,99 €","pricePerUnit":"(1,99 €/l.)","imgUrl":"https://s0.dia.es/medias/hff/hca/9671008911390.jpg"},{"title":"GRANINI néctar naranja, plátano y maracuya pack 3 unidades 200 ml","price":"1,27 €","pricePerUnit":"(2,12 €/l.)","imgUrl":"https://s0.dia.es/medias/h72/hec/9670895927326.jpg"},{"title":"GRANINI néctar piña  pack 3 unidades 200 ml","price":"1,27 €","pricePerUnit":"(2,12 €/l.)","imgUrl":"https://s0.dia.es/medias/h74/h5d/9662464557086.jpg"},{"title":"GRANINI zumo de tomate botella 1 lt","price":"1,99 €","pricePerUnit":"(1,99 €/l.)","imgUrl":"https://s3.dia.es/medias/ha2/h49/9670895599646.jpg"},{"title":"GREIP zumo uva blanca botella 1 lt","price":"1,89 €","pricePerUnit":"(1,89 €/l.)","imgUrl":"https://s1.dia.es/medias/ha0/ha4/9659795898398.jpg"},{"title":"GREIP zumo uva tinta botella 1 lt","price":"1,89 €","pricePerUnit":"(1,89 €/l.)","imgUrl":"https://s3.dia.es/medias/h44/h2d/9659769323550.jpg"},{"title":"JUVER néctar naranja sin azucares añadidos pack 6 unidades 200 ml","price":"2,17 €","pricePerUnit":"(1,81 €/l.)","imgUrl":"https://s3.dia.es/medias/h8d/hd3/9610213457950.jpg"},{"title":"JUVER néctar sin azúcar mango manzana 2 lt","price":"2,24 €","pricePerUnit":"(1,12 €/l.)","imgUrl":"https://s1.dia.es/medias/h33/h64/9610249175070.jpg"},{"title":"JUVER zumo concentrado 100% melocotón manzana y uva envase 1 lt","price":"1,08 €","pricePerUnit":"(1,08 €/l.)","imgUrl":"https://s0.dia.es/medias/hff/h91/9497376849950.jpg"},{"title":"JUVER zumo concentrado 100% multifrutas envase 1 lt","price":"1,08 €","pricePerUnit":"(1,08 €/l.)","imgUrl":"https://s3.dia.es/medias/h25/h4b/9610303012894.jpg"},{"title":"JUVER zumo concentrado 100% naranja envase 1 lt","price":"1,18 €","pricePerUnit":"(1,18 €/l.)","imgUrl":"https://s2.dia.es/medias/h85/hb2/9497389039646.jpg"},{"title":"JUVER zumo concentrado 100% piña envase 1 lt","price":"1,18 €","pricePerUnit":"(1,18 €/l.)","imgUrl":"https://s2.dia.es/medias/h42/h24/9497391562782.jpg"},{"title":"JUVER zumo de piña pack 6 unidades 200 ml","price":"2,58 €","pricePerUnit":"(2,15 €/l.)","imgUrl":"https://s3.dia.es/medias/h88/h16/9263092498462.jpg"},{"title":"JUVER zumo melocoton uva manzana pack 6 unidades 200 ml","price":"2,23 €","pricePerUnit":"(1,86 €/l.)","imgUrl":"https://s2.dia.es/medias/haf/h46/9560764121118.jpg"},{"title":"JUVER zumo multifrutas pack 6 unidades 200 ml","price":"2,23 €","pricePerUnit":"(1,86 €/l.)","imgUrl":"https://s2.dia.es/medias/h5c/hd0/9497372917790.jpg"},{"title":"POLENGHI zumo de limón concentrado botella 200 ml","price":"0,78 €","pricePerUnit":"(3,90 €/l.)","imgUrl":"https://s0.dia.es/medias/h2e/h77/9082968571934.jpg"},{"title":"VALMASERA néctar de fresa, ciruela y manzana bio botella 500 ml","price":"2,70 €","pricePerUnit":"(5,40 €/l.)","imgUrl":"https://s3.dia.es/medias/hda/h9a/9100883460126.jpg"},{"title":"VALMASERA néctar de manzana, zanahoria y pera bio botella 500 ml","price":"2,25 €","pricePerUnit":"(4,50 €/l.)","imgUrl":"https://s1.dia.es/medias/he1/h44/9100887392286.jpg"},{"title":"VALMASERA néctar de melocotón botella 1 lt","price":"2,75 €","pricePerUnit":"(2,75 €/l.)","imgUrl":"https://s3.dia.es/medias/he2/h15/9100886081566.jpg"},{"title":"VALMASERA néctar de zanahoria bio botella 500 ml","price":"1,95 €","pricePerUnit":"(3,90 €/l.)","imgUrl":"https://s1.dia.es/medias/hda/hf0/9100879855646.jpg"},{"title":"VALMASERA zumo de naranja bio botella 1 lt","price":"2,75 €","pricePerUnit":"(2,75 €/l.)","imgUrl":"https://s2.dia.es/medias/he8/h96/9100891652126.jpg"},{"title":"VIVESOY bebida de zumo de melocotón y soja envase 1 lt","price":"1,40 €","pricePerUnit":"(1,40 €/l.)","imgUrl":"https://s2.dia.es/medias/hf0/h12/9509515067422.jpg"},{"title":"VIVESOY bebida de zumo de naranja y soja envase 1 lt","price":"1,35 €","pricePerUnit":"(1,35 €/l.)","imgUrl":"https://s1.dia.es/medias/haf/h8c/9509564645406.jpg"},{"title":"VIVESOY bebida de zumo de piña y soja envase 1 lt","price":"1,35 €","pricePerUnit":"(1,35 €/l.)","imgUrl":"https://s1.dia.es/medias/he0/h2b/9509559730206.jpg"},{"title":"ZUMOSOL zumo de arándanos, fresa y uva botella 750 ml","price":"1,99 €","pricePerUnit":"(2,65 €/l.)","imgUrl":"https://s1.dia.es/medias/h6f/h33/9607933165598.jpg"},{"title":"ZUMOSOL zumo de granada, mora, frambuesa y uva botella 750 ml","price":"1,99 €","pricePerUnit":"(2,65 €/l.)","imgUrl":"https://s2.dia.es/medias/hba/h0e/9607929888798.jpg"},{"title":"ZUMOSOL zumo de naranja exprimida con pulpa envase 1 lt","price":"1,99 €","pricePerUnit":"(1,99 €/l.)","imgUrl":"https://s1.dia.es/medias/h17/h76/9287454785566.jpg"},{"title":"ZUMOSOL zumo de naranja exprimida sin pulpa envase 1 lt","price":"1,99 €","pricePerUnit":"(1,99 €/l.)","imgUrl":"https://s0.dia.es/medias/hce/h30/9294903377950.jpg"},{"title":"ZUMOSOL zumo de naranja sin pulpa botella 750 ml","price":"1,99 €","pricePerUnit":"(2,65 €/l.)","imgUrl":"https://s2.dia.es/medias/h58/h3e/9334480994334.jpg"},{"title":"ZUMOSOL zumo de naranja y arándanos envase 1 lt","price":"1,79 €","pricePerUnit":"(1,79 €/l.)","imgUrl":"https://s1.dia.es/medias/h29/h46/9626461863966.jpg"},{"title":"ZUMOSOL zumo de naranja y fresa envase 1 lt","price":"1,79 €","pricePerUnit":"(1,79 €/l.)","imgUrl":"https://s2.dia.es/medias/h31/h64/9626460880926.jpg"},{"title":"ZUMOSOL zumo de naranja y kiwi envase 1 lt","price":"1,58 €","pricePerUnit":"(1,58 €/l.)","imgUrl":"https://s0.dia.es/medias/hf1/h43/9629959389214.jpg"},{"title":"ZUMOSOL zumo de naranja y mango envase 1 lt","price":"1,58 €","pricePerUnit":"(1,58 €/l.)","imgUrl":"https://s3.dia.es/medias/h57/h92/9626543456286.jpg"},{"title":"ZUMOSOL zumo de naranja y zanahoria envase 1 lt","price":"1,58 €","pricePerUnit":"(1,58 €/l.)","imgUrl":"https://s1.dia.es/medias/hb0/h35/9626515144734.jpg"},{"title":"ZUMOSOL zumo de piña botella 750 ml","price":"1,99 €","pricePerUnit":"(2,65 €/l.)","imgUrl":"https://s1.dia.es/medias/hc4/hb1/9334549970974.jpg"}]},"zumo":{"categoryUrl":"/compra-online/productos/bebidas/zumos-y-nectares/zumo/c/WEB.008.063.00430","products":[{"title":"CAPRISUN zumo de frutas multivitaminas pack 5 unidades 200 ml","price":"2,25 €","pricePerUnit":"(2,25 €/l.)","imgUrl":"https://s2.dia.es/medias/h86/h2e/9414175719454.jpg"},{"title":"CASINO BIO zumo de manzana y mango botella 1 lt","price":"2,25 €","pricePerUnit":"(2,25 €/l.)","imgUrl":"https://s3.dia.es/medias/h72/h9b/9328745250846.jpg"},{"title":"CHAMPIN champan infantil 75 cl","price":"2,35 €","pricePerUnit":"(3,13 €/l.)","imgUrl":"https://s0.dia.es/medias/hfd/hc8/9485276676126.jpg"},{"title":"DIA bebida de frutas con leche mediterráneo pack 6 unidades 200 ml","price":"0,87 €","pricePerUnit":"(0,73 €/l.)","imgUrl":"https://s2.dia.es/medias/hd6/h3c/8830430773278.png"},{"title":"DIA DELICIOUS zumo exprimido 100% piña envase 1 lt","price":"1,79 €","pricePerUnit":"(1,79 €/l.)","imgUrl":"https://s0.dia.es/medias/hae/h0a/8974136344606.jpg"},{"title":"DIA zumo de manzana envase 1 lt","price":"0,59 €","pricePerUnit":"(0,59 €/l.)","imgUrl":"https://s2.dia.es/medias/hcc/h9a/9352992358430.jpg"},{"title":"DIA zumo de manzana pack 6 unidades 200 ml","price":"1,09 €","pricePerUnit":"(0,91 €/l.)","imgUrl":"https://s3.dia.es/medias/h25/h10/9388717867038.jpg"},{"title":"DIA zumo de naranja  pack 6 unidades 200 ml","price":"1,09 €","pricePerUnit":"(0,91 €/l.)","imgUrl":"https://s3.dia.es/medias/h64/hfd/9141943959582.jpg"},{"title":"DIA zumo de piña envase 1 lt","price":"0,75 €","pricePerUnit":"(0,75 €/l.)","imgUrl":"https://s2.dia.es/medias/h3b/heb/9334502195230.jpg"},{"title":"DIA zumo de tomate envase 1 lt","price":"0,65 €","pricePerUnit":"(0,65 €/l.)","imgUrl":"https://s2.dia.es/medias/hd2/h99/8994009481246.jpg"},{"title":"DIA zumo exprimido naranja envase 1 lt","price":"0,99 €","pricePerUnit":"(0,99 €/l.)","imgUrl":"https://s2.dia.es/medias/he4/h6d/8830434967582.png"},{"title":"DIA zumo exprimido sin pulpa naranja envase 1 lt","price":"0,95 €","pricePerUnit":"(0,95 €/l.)","imgUrl":"https://s1.dia.es/medias/h43/hfd/9610210574366.jpg"},{"title":"DIA zumo melocotón manzana uva envase 1 lt","price":"0,61 €","pricePerUnit":"(0,61 €/l.)","imgUrl":"https://s3.dia.es/medias/he7/h85/9378568110110.jpg"},{"title":"DIA zumo melocotón manzana y uva pack 6 unidades 200 ml","price":"0,99 €","pricePerUnit":"(0,83 €/l.)","imgUrl":"https://s1.dia.es/medias/h1b/hb1/9388727697438.jpg"},{"title":"DIA zumo naranja envase 1 lt","price":"0,70 €","pricePerUnit":"(0,70 €/l.)","imgUrl":"https://s3.dia.es/medias/hf3/h8a/9378569912350.jpg"},{"title":"DIA zumo piña manzana uva envase 1 lt","price":"0,63 €","pricePerUnit":"(0,63 €/l.)","imgUrl":"https://s0.dia.es/medias/h1d/hc6/9352996290590.jpg"},{"title":"DIA zumo piña manzana y uva pack 6 unidades 200 ml","price":"0,99 €","pricePerUnit":"(0,83 €/l.)","imgUrl":"https://s1.dia.es/medias/h1d/h38/9352991375390.jpg"},{"title":"DISFRUTA néctar light 10 frutas con 10 vitaminas pack 6 unidades 200 ml","price":"2,17 €","pricePerUnit":"(1,81 €/l.)","imgUrl":"https://s0.dia.es/medias/h32/h29/9610212474910.jpg"},{"title":"DON SIMON zumo de naranja exprimida con pulpa 1 lt","price":"1,65 €","pricePerUnit":"(1,65 €/l.)","imgUrl":"https://s0.dia.es/medias/h43/h3c/9565228236830.jpg"},{"title":"DON SIMON zumo de naranja exprimida sin pulpa envase 1 lt","price":"1,65 €","pricePerUnit":"(1,65 €/l.)","imgUrl":"https://s2.dia.es/medias/ha2/h51/9565253632030.jpg"},{"title":"DON SIMON zumo exprimido de naranja pack 3 unidades 200 ml","price":"1,05 €","pricePerUnit":"(1,75 €/l.)","imgUrl":"https://s0.dia.es/medias/h93/h3d/9535950389278.jpg"},{"title":"DON SIMON zumo exprimido piña y uva pack 3 unidades 200 ml","price":"1,00 €","pricePerUnit":"(1,67 €/l.)","imgUrl":"https://s0.dia.es/medias/h4c/h33/9550053146654.jpg"},{"title":"GRANINI zumo de tomate botella 1 lt","price":"1,99 €","pricePerUnit":"(1,99 €/l.)","imgUrl":"https://s3.dia.es/medias/ha2/h49/9670895599646.jpg"},{"title":"GREIP zumo uva blanca botella 1 lt","price":"1,89 €","pricePerUnit":"(1,89 €/l.)","imgUrl":"https://s1.dia.es/medias/ha0/ha4/9659795898398.jpg"},{"title":"GREIP zumo uva tinta botella 1 lt","price":"1,89 €","pricePerUnit":"(1,89 €/l.)","imgUrl":"https://s3.dia.es/medias/h44/h2d/9659769323550.jpg"},{"title":"JUVER zumo concentrado 100% melocotón manzana y uva envase 1 lt","price":"1,08 €","pricePerUnit":"(1,08 €/l.)","imgUrl":"https://s0.dia.es/medias/hff/h91/9497376849950.jpg"},{"title":"JUVER zumo concentrado 100% multifrutas envase 1 lt","price":"1,08 €","pricePerUnit":"(1,08 €/l.)","imgUrl":"https://s3.dia.es/medias/h25/h4b/9610303012894.jpg"},{"title":"JUVER zumo concentrado 100% naranja envase 1 lt","price":"1,18 €","pricePerUnit":"(1,18 €/l.)","imgUrl":"https://s2.dia.es/medias/h85/hb2/9497389039646.jpg"},{"title":"JUVER zumo concentrado 100% piña envase 1 lt","price":"1,18 €","pricePerUnit":"(1,18 €/l.)","imgUrl":"https://s2.dia.es/medias/h42/h24/9497391562782.jpg"},{"title":"JUVER zumo de piña pack 6 unidades 200 ml","price":"2,58 €","pricePerUnit":"(2,15 €/l.)","imgUrl":"https://s3.dia.es/medias/h88/h16/9263092498462.jpg"},{"title":"JUVER zumo melocoton uva manzana pack 6 unidades 200 ml","price":"2,23 €","pricePerUnit":"(1,86 €/l.)","imgUrl":"https://s2.dia.es/medias/haf/h46/9560764121118.jpg"},{"title":"JUVER zumo multifrutas pack 6 unidades 200 ml","price":"2,23 €","pricePerUnit":"(1,86 €/l.)","imgUrl":"https://s2.dia.es/medias/h5c/hd0/9497372917790.jpg"},{"title":"POLENGHI zumo de limón concentrado botella 200 ml","price":"0,78 €","pricePerUnit":"(3,90 €/l.)","imgUrl":"https://s0.dia.es/medias/h2e/h77/9082968571934.jpg"},{"title":"VALMASERA zumo de naranja bio botella 1 lt","price":"2,75 €","pricePerUnit":"(2,75 €/l.)","imgUrl":"https://s2.dia.es/medias/he8/h96/9100891652126.jpg"},{"title":"VIVESOY bebida de zumo de melocotón y soja envase 1 lt","price":"1,40 €","pricePerUnit":"(1,40 €/l.)","imgUrl":"https://s2.dia.es/medias/hf0/h12/9509515067422.jpg"},{"title":"VIVESOY bebida de zumo de naranja y soja envase 1 lt","price":"1,35 €","pricePerUnit":"(1,35 €/l.)","imgUrl":"https://s1.dia.es/medias/haf/h8c/9509564645406.jpg"},{"title":"VIVESOY bebida de zumo de piña y soja envase 1 lt","price":"1,35 €","pricePerUnit":"(1,35 €/l.)","imgUrl":"https://s1.dia.es/medias/he0/h2b/9509559730206.jpg"},{"title":"ZUMOSOL zumo de arándanos, fresa y uva botella 750 ml","price":"1,99 €","pricePerUnit":"(2,65 €/l.)","imgUrl":"https://s1.dia.es/medias/h6f/h33/9607933165598.jpg"},{"title":"ZUMOSOL zumo de granada, mora, frambuesa y uva botella 750 ml","price":"1,99 €","pricePerUnit":"(2,65 €/l.)","imgUrl":"https://s2.dia.es/medias/hba/h0e/9607929888798.jpg"},{"title":"ZUMOSOL zumo de naranja exprimida con pulpa envase 1 lt","price":"1,99 €","pricePerUnit":"(1,99 €/l.)","imgUrl":"https://s1.dia.es/medias/h17/h76/9287454785566.jpg"},{"title":"ZUMOSOL zumo de naranja exprimida sin pulpa envase 1 lt","price":"1,99 €","pricePerUnit":"(1,99 €/l.)","imgUrl":"https://s0.dia.es/medias/hce/h30/9294903377950.jpg"},{"title":"ZUMOSOL zumo de naranja sin pulpa botella 750 ml","price":"1,99 €","pricePerUnit":"(2,65 €/l.)","imgUrl":"https://s2.dia.es/medias/h58/h3e/9334480994334.jpg"},{"title":"ZUMOSOL zumo de naranja y arándanos envase 1 lt","price":"1,79 €","pricePerUnit":"(1,79 €/l.)","imgUrl":"https://s1.dia.es/medias/h29/h46/9626461863966.jpg"},{"title":"ZUMOSOL zumo de naranja y fresa envase 1 lt","price":"1,79 €","pricePerUnit":"(1,79 €/l.)","imgUrl":"https://s2.dia.es/medias/h31/h64/9626460880926.jpg"},{"title":"ZUMOSOL zumo de naranja y kiwi envase 1 lt","price":"1,58 €","pricePerUnit":"(1,58 €/l.)","imgUrl":"https://s0.dia.es/medias/hf1/h43/9629959389214.jpg"},{"title":"ZUMOSOL zumo de naranja y mango envase 1 lt","price":"1,58 €","pricePerUnit":"(1,58 €/l.)","imgUrl":"https://s3.dia.es/medias/h57/h92/9626543456286.jpg"},{"title":"ZUMOSOL zumo de naranja y zanahoria envase 1 lt","price":"1,58 €","pricePerUnit":"(1,58 €/l.)","imgUrl":"https://s1.dia.es/medias/hb0/h35/9626515144734.jpg"},{"title":"ZUMOSOL zumo de piña botella 750 ml","price":"1,99 €","pricePerUnit":"(2,65 €/l.)","imgUrl":"https://s1.dia.es/medias/hc4/hb1/9334549970974.jpg"}]},"nectar":{"categoryUrl":"/compra-online/productos/bebidas/zumos-y-nectares/nectar/c/WEB.008.063.00679","products":[{"title":"DIA bebida de naranja y zanahoria botella 1 lt","price":"0,89 €","pricePerUnit":"(0,89 €/l.)","imgUrl":"https://s2.dia.es/medias/hd7/ha3/8993913733150.jpg"},{"title":"DIA Kids néctar melocotón y plátano pack 6 unidades 200 ml","price":"1,06 €","pricePerUnit":"(0,88 €/l.)","imgUrl":"https://s3.dia.es/medias/h55/h18/8822427975710.png"},{"title":"DIA nectar mango  botella 1 lt","price":"0,76 €","pricePerUnit":"(0,76 €/l.)","imgUrl":"https://s3.dia.es/medias/h3d/ha3/9142004580382.jpg"},{"title":"DIA nectar multifrutas botella 1lt","price":"0,86 €","pricePerUnit":"(0,86 €/l.)","imgUrl":"https://s0.dia.es/medias/h53/ha0/9142058647582.jpg"},{"title":"DIA nectar plátano botella 1 lt","price":"0,86 €","pricePerUnit":"(0,86 €/l.)","imgUrl":"https://s2.dia.es/medias/h5e/h54/9141984854046.jpg"},{"title":"DIA néctar light 5 frutas pack 6 unidades 200 ml","price":"1,25 €","pricePerUnit":"(1,04 €/l.)","imgUrl":"https://s2.dia.es/medias/hac/hd5/8901014683678.png"},{"title":"DIA néctar light melocotón envase 2 lt","price":"0,99 €","pricePerUnit":"(0,50 €/l.)","imgUrl":"https://s0.dia.es/medias/h0f/h2e/8821844181022.png"},{"title":"DIA néctar light melocotón pack 6 unidades 200 ml","price":"1,12 €","pricePerUnit":"(0,93 €/l.)","imgUrl":"https://s3.dia.es/medias/ha3/hd5/8823168729118.png"},{"title":"DIA néctar light naranja envase 2 lt","price":"0,98 €","pricePerUnit":"(0,49 €/l.)","imgUrl":"https://s3.dia.es/medias/h6c/ha8/8822305292318.png"},{"title":"DIA néctar light naranja pack 6 unidades 200 ml","price":"1,08 €","pricePerUnit":"(0,90 €/l.)","imgUrl":"https://s2.dia.es/medias/h99/h19/8901035851806.png"},{"title":"DIA néctar light pera envase 1 lt","price":"0,89 €","pricePerUnit":"(0,89 €/l.)","imgUrl":"https://s0.dia.es/medias/h43/h47/8901003608094.png"},{"title":"DIA néctar light piña envase 2 lt","price":"0,99 €","pricePerUnit":"(0,50 €/l.)","imgUrl":"https://s2.dia.es/medias/h2d/h60/8821899755550.png"},{"title":"DIA néctar light piña pack 6 unidades 200 ml","price":"1,06 €","pricePerUnit":"(0,88 €/l.)","imgUrl":"https://s1.dia.es/medias/heb/h89/8823195992094.png"},{"title":"DIA néctar light tropical envase 1 lt","price":"0,60 €","pricePerUnit":"(0,60 €/l.)","imgUrl":"https://s2.dia.es/medias/h54/ha9/8901013110814.png"},{"title":"DISFRUTA exotico nectar frutos rojos envase 1 lt","price":"1,21 €\n\t\t\t\t\t\t\t1,06 €","pricePerUnit":"(1,21 €/l.)\n\t\t\t\t\t\t\t (1,06 €/l.)","imgUrl":"https://s0.dia.es/medias/hcb/h52/9610254614558.jpg"},{"title":"DISFRUTA Exótico néctar de naranja, mango y zanahoria envase 1 lt","price":"1,21 €\n\t\t\t\t\t\t\t1,06 €","pricePerUnit":"(1,21 €/l.)\n\t\t\t\t\t\t\t (1,06 €/l.)","imgUrl":"https://s2.dia.es/medias/h1b/h84/9610259988510.jpg"},{"title":"DISFRUTA Exótico néctar light mango envase 1 lt","price":"1,21 €\n\t\t\t\t\t\t\t1,06 €","pricePerUnit":"(1,21 €/l.)\n\t\t\t\t\t\t\t (1,06 €/l.)","imgUrl":"https://s3.dia.es/medias/h67/h4f/9610291413022.jpg"},{"title":"DISFRUTA nectar light manzana envase 2 lt","price":"2,24 €","pricePerUnit":"(1,12 €/l.)","imgUrl":"https://s1.dia.es/medias/h1d/hfd/9610257891358.jpg"},{"title":"DISFRUTA nectar sin azucar naranja envase 2 lt","price":"2,36 €","pricePerUnit":"(1,18 €/l.)","imgUrl":"https://s1.dia.es/medias/h11/h17/9610264477726.jpg"},{"title":"DISFRUTA néctar light 10 frutas con 10 vitaminas envase 2 lt","price":"2,24 €","pricePerUnit":"(1,12 €/l.)","imgUrl":"https://s3.dia.es/medias/hf7/h83/9610213785630.jpg"},{"title":"DISFRUTA néctar light melocotón envase 2 lt","price":"2,29 €","pricePerUnit":"(1,15 €/l.)","imgUrl":"https://s3.dia.es/medias/hcf/h12/9640454619166.jpg"},{"title":"DISFRUTA néctar light pera piña envase 2 lt","price":"2,36 €","pricePerUnit":"(1,18 €/l.)","imgUrl":"https://s0.dia.es/medias/h6f/he3/9610263822366.jpg"},{"title":"DISFRUTA néctar light piña envase 2 lt","price":"2,36 €","pricePerUnit":"(1,18 €/l.)","imgUrl":"https://s1.dia.es/medias/h12/hcd/9610306617374.jpg"},{"title":"DISFRUTA néctar light piña pack 6 unidades 200 ml","price":"2,17 €","pricePerUnit":"(1,81 €/l.)","imgUrl":"https://s2.dia.es/medias/h0d/h6b/9610207559710.jpg"},{"title":"DISFRUTA néctar light tropical envase 2 lt","price":"2,24 €","pricePerUnit":"(1,12 €/l.)","imgUrl":"https://s0.dia.es/medias/h2c/hd6/9610208215070.jpg"},{"title":"DISFRUTA néctar melocotón sin azúcares añadidos pack 6 unidades 200 ml","price":"2,17 €","pricePerUnit":"(1,81 €/l.)","imgUrl":"https://s2.dia.es/medias/h9b/hf5/9610254286878.jpg"},{"title":"GRANINI nectar cocktail de frutas botella 1 lt","price":"1,99 €","pricePerUnit":"(1,99 €/l.)","imgUrl":"https://s3.dia.es/medias/h0b/hce/9671008256030.jpg"},{"title":"GRANINI nectar melocotón botella 1 lt","price":"1,99 €","pricePerUnit":"(1,99 €/l.)","imgUrl":"https://s0.dia.es/medias/h87/hc6/9671010222110.jpg"},{"title":"GRANINI nectar naranja y zanahoria ace botella 1 lt","price":"1,99 €","pricePerUnit":"(1,99 €/l.)","imgUrl":"https://s2.dia.es/medias/hb0/h23/9671009239070.jpg"},{"title":"GRANINI nectar piña botella 1 lt","price":"1,99 €","pricePerUnit":"(1,99 €/l.)","imgUrl":"https://s0.dia.es/medias/h7f/h3a/9671009566750.jpg"},{"title":"GRANINI néctar de arándanos botella 1 lt","price":"1,99 €","pricePerUnit":"(1,99 €/l.)","imgUrl":"https://s3.dia.es/medias/h28/h3c/9670899269662.jpg"},{"title":"GRANINI néctar de pomelo botella 1 lt","price":"2,09 €","pricePerUnit":"(2,09 €/l.)","imgUrl":"https://s3.dia.es/medias/heb/haf/9670896255006.jpg"},{"title":"GRANINI néctar melocotón pack 3 unidades 200 ml","price":"1,27 €","pricePerUnit":"(2,12 €/l.)","imgUrl":"https://s3.dia.es/medias/h54/h77/9671010549790.jpg"},{"title":"GRANINI néctar naranja botella 1 lt","price":"1,99 €","pricePerUnit":"(1,99 €/l.)","imgUrl":"https://s0.dia.es/medias/hff/hca/9671008911390.jpg"},{"title":"GRANINI néctar naranja, plátano y maracuya pack 3 unidades 200 ml","price":"1,27 €","pricePerUnit":"(2,12 €/l.)","imgUrl":"https://s0.dia.es/medias/h72/hec/9670895927326.jpg"},{"title":"GRANINI néctar piña  pack 3 unidades 200 ml","price":"1,27 €","pricePerUnit":"(2,12 €/l.)","imgUrl":"https://s0.dia.es/medias/h74/h5d/9662464557086.jpg"},{"title":"JUVER néctar naranja sin azucares añadidos pack 6 unidades 200 ml","price":"2,17 €","pricePerUnit":"(1,81 €/l.)","imgUrl":"https://s3.dia.es/medias/h8d/hd3/9610213457950.jpg"},{"title":"JUVER néctar sin azúcar mango manzana 2 lt","price":"2,24 €","pricePerUnit":"(1,12 €/l.)","imgUrl":"https://s1.dia.es/medias/h33/h64/9610249175070.jpg"},{"title":"VALMASERA néctar de fresa, ciruela y manzana bio botella 500 ml","price":"2,70 €","pricePerUnit":"(5,40 €/l.)","imgUrl":"https://s3.dia.es/medias/hda/h9a/9100883460126.jpg"},{"title":"VALMASERA néctar de manzana, zanahoria y pera bio botella 500 ml","price":"2,25 €","pricePerUnit":"(4,50 €/l.)","imgUrl":"https://s1.dia.es/medias/he1/h44/9100887392286.jpg"},{"title":"VALMASERA néctar de melocotón botella 1 lt","price":"2,75 €","pricePerUnit":"(2,75 €/l.)","imgUrl":"https://s3.dia.es/medias/he2/h15/9100886081566.jpg"},{"title":"VALMASERA néctar de zanahoria bio botella 500 ml","price":"1,95 €","pricePerUnit":"(3,90 €/l.)","imgUrl":"https://s1.dia.es/medias/hda/hf0/9100879855646.jpg"}]},"refrigerados":{"categoryUrl":"/compra-online/productos/bebidas/zumos-y-nectares/refrigerados/c/WEB.008.063.00431","products":[{"title":"DANONE ACTIVIA bífidus smoothie&go frutos amarillos botella 250 gr","price":"1,99 €","pricePerUnit":"(7,96 €/Kg.)","imgUrl":"https://s0.dia.es/medias/he6/hb7/9639480197150.jpg"},{"title":"DANONE ACTIVIA bífidus smoothie&go frutos rojos botella 250 gr","price":"1,99 €","pricePerUnit":"(7,96 €/Kg.)","imgUrl":"https://s3.dia.es/medias/h40/h19/9639479869470.jpg"},{"title":"DIA zumo naranja 100% exprimido sin pulpa botella 1 lt","price":"1,34 €","pricePerUnit":"(1,34 €/l.)","imgUrl":"https://s3.dia.es/medias/he2/h0c/9026342944798.jpg"}]},"mosto":{"categoryUrl":"/compra-online/productos/bebidas/zumos-y-nectares/mosto/c/WEB.008.063.00432","products":[{"title":"CAPRISUN zumo de frutas multivitaminas pack 5 unidades 200 ml","price":"2,25 €","pricePerUnit":"(2,25 €/l.)","imgUrl":"https://s2.dia.es/medias/h86/h2e/9414175719454.jpg"},{"title":"CASINO BIO zumo de manzana y mango botella 1 lt","price":"2,25 €","pricePerUnit":"(2,25 €/l.)","imgUrl":"https://s3.dia.es/medias/h72/h9b/9328745250846.jpg"},{"title":"CHAMPIN champan infantil 75 cl","price":"2,35 €","pricePerUnit":"(3,13 €/l.)","imgUrl":"https://s0.dia.es/medias/hfd/hc8/9485276676126.jpg"},{"title":"DANONE ACTIVIA bífidus smoothie&go frutos amarillos botella 250 gr","price":"1,99 €","pricePerUnit":"(7,96 €/Kg.)","imgUrl":"https://s0.dia.es/medias/he6/hb7/9639480197150.jpg"},{"title":"DANONE ACTIVIA bífidus smoothie&go frutos rojos botella 250 gr","price":"1,99 €","pricePerUnit":"(7,96 €/Kg.)","imgUrl":"https://s3.dia.es/medias/h40/h19/9639479869470.jpg"},{"title":"DIA bebida de frutas con leche mediterráneo pack 6 unidades 200 ml","price":"0,87 €","pricePerUnit":"(0,73 €/l.)","imgUrl":"https://s2.dia.es/medias/hd6/h3c/8830430773278.png"},{"title":"DIA bebida de naranja y zanahoria botella 1 lt","price":"0,89 €","pricePerUnit":"(0,89 €/l.)","imgUrl":"https://s2.dia.es/medias/hd7/ha3/8993913733150.jpg"},{"title":"DIA DELICIOUS zumo exprimido 100% piña envase 1 lt","price":"1,79 €","pricePerUnit":"(1,79 €/l.)","imgUrl":"https://s0.dia.es/medias/hae/h0a/8974136344606.jpg"},{"title":"DIA Kids néctar melocotón y plátano pack 6 unidades 200 ml","price":"1,06 €","pricePerUnit":"(0,88 €/l.)","imgUrl":"https://s3.dia.es/medias/h55/h18/8822427975710.png"},{"title":"DIA nectar mango  botella 1 lt","price":"0,76 €","pricePerUnit":"(0,76 €/l.)","imgUrl":"https://s3.dia.es/medias/h3d/ha3/9142004580382.jpg"},{"title":"DIA nectar multifrutas botella 1lt","price":"0,86 €","pricePerUnit":"(0,86 €/l.)","imgUrl":"https://s0.dia.es/medias/h53/ha0/9142058647582.jpg"},{"title":"DIA nectar plátano botella 1 lt","price":"0,86 €","pricePerUnit":"(0,86 €/l.)","imgUrl":"https://s2.dia.es/medias/h5e/h54/9141984854046.jpg"},{"title":"DIA néctar light 5 frutas pack 6 unidades 200 ml","price":"1,25 €","pricePerUnit":"(1,04 €/l.)","imgUrl":"https://s2.dia.es/medias/hac/hd5/8901014683678.png"},{"title":"DIA néctar light melocotón envase 2 lt","price":"0,99 €","pricePerUnit":"(0,50 €/l.)","imgUrl":"https://s0.dia.es/medias/h0f/h2e/8821844181022.png"},{"title":"DIA néctar light melocotón pack 6 unidades 200 ml","price":"1,12 €","pricePerUnit":"(0,93 €/l.)","imgUrl":"https://s3.dia.es/medias/ha3/hd5/8823168729118.png"},{"title":"DIA néctar light naranja envase 2 lt","price":"0,98 €","pricePerUnit":"(0,49 €/l.)","imgUrl":"https://s3.dia.es/medias/h6c/ha8/8822305292318.png"},{"title":"DIA néctar light naranja pack 6 unidades 200 ml","price":"1,08 €","pricePerUnit":"(0,90 €/l.)","imgUrl":"https://s2.dia.es/medias/h99/h19/8901035851806.png"},{"title":"DIA néctar light pera envase 1 lt","price":"0,89 €","pricePerUnit":"(0,89 €/l.)","imgUrl":"https://s0.dia.es/medias/h43/h47/8901003608094.png"},{"title":"DIA néctar light piña envase 2 lt","price":"0,99 €","pricePerUnit":"(0,50 €/l.)","imgUrl":"https://s2.dia.es/medias/h2d/h60/8821899755550.png"},{"title":"DIA néctar light piña pack 6 unidades 200 ml","price":"1,06 €","pricePerUnit":"(0,88 €/l.)","imgUrl":"https://s1.dia.es/medias/heb/h89/8823195992094.png"},{"title":"DIA néctar light tropical envase 1 lt","price":"0,60 €","pricePerUnit":"(0,60 €/l.)","imgUrl":"https://s2.dia.es/medias/h54/ha9/8901013110814.png"},{"title":"DIA zumo de manzana envase 1 lt","price":"0,59 €","pricePerUnit":"(0,59 €/l.)","imgUrl":"https://s2.dia.es/medias/hcc/h9a/9352992358430.jpg"},{"title":"DIA zumo de manzana pack 6 unidades 200 ml","price":"1,09 €","pricePerUnit":"(0,91 €/l.)","imgUrl":"https://s3.dia.es/medias/h25/h10/9388717867038.jpg"},{"title":"DIA zumo de naranja  pack 6 unidades 200 ml","price":"1,09 €","pricePerUnit":"(0,91 €/l.)","imgUrl":"https://s3.dia.es/medias/h64/hfd/9141943959582.jpg"},{"title":"DIA zumo de piña envase 1 lt","price":"0,75 €","pricePerUnit":"(0,75 €/l.)","imgUrl":"https://s2.dia.es/medias/h3b/heb/9334502195230.jpg"},{"title":"DIA zumo de tomate envase 1 lt","price":"0,65 €","pricePerUnit":"(0,65 €/l.)","imgUrl":"https://s2.dia.es/medias/hd2/h99/8994009481246.jpg"},{"title":"DIA zumo exprimido naranja envase 1 lt","price":"0,99 €","pricePerUnit":"(0,99 €/l.)","imgUrl":"https://s2.dia.es/medias/he4/h6d/8830434967582.png"},{"title":"DIA zumo exprimido sin pulpa naranja envase 1 lt","price":"0,95 €","pricePerUnit":"(0,95 €/l.)","imgUrl":"https://s1.dia.es/medias/h43/hfd/9610210574366.jpg"},{"title":"DIA zumo melocotón manzana uva envase 1 lt","price":"0,61 €","pricePerUnit":"(0,61 €/l.)","imgUrl":"https://s3.dia.es/medias/he7/h85/9378568110110.jpg"},{"title":"DIA zumo melocotón manzana y uva pack 6 unidades 200 ml","price":"0,99 €","pricePerUnit":"(0,83 €/l.)","imgUrl":"https://s1.dia.es/medias/h1b/hb1/9388727697438.jpg"},{"title":"DIA zumo naranja 100% exprimido sin pulpa botella 1 lt","price":"1,34 €","pricePerUnit":"(1,34 €/l.)","imgUrl":"https://s3.dia.es/medias/he2/h0c/9026342944798.jpg"},{"title":"DIA zumo naranja envase 1 lt","price":"0,70 €","pricePerUnit":"(0,70 €/l.)","imgUrl":"https://s3.dia.es/medias/hf3/h8a/9378569912350.jpg"},{"title":"DIA zumo piña manzana uva envase 1 lt","price":"0,63 €","pricePerUnit":"(0,63 €/l.)","imgUrl":"https://s0.dia.es/medias/h1d/hc6/9352996290590.jpg"},{"title":"DIA zumo piña manzana y uva pack 6 unidades 200 ml","price":"0,99 €","pricePerUnit":"(0,83 €/l.)","imgUrl":"https://s1.dia.es/medias/h1d/h38/9352991375390.jpg"},{"title":"DISFRUTA exotico nectar frutos rojos envase 1 lt","price":"1,21 €\n\t\t\t\t\t\t\t1,06 €","pricePerUnit":"(1,21 €/l.)\n\t\t\t\t\t\t\t (1,06 €/l.)","imgUrl":"https://s0.dia.es/medias/hcb/h52/9610254614558.jpg"},{"title":"DISFRUTA Exótico néctar de naranja, mango y zanahoria envase 1 lt","price":"1,21 €\n\t\t\t\t\t\t\t1,06 €","pricePerUnit":"(1,21 €/l.)\n\t\t\t\t\t\t\t (1,06 €/l.)","imgUrl":"https://s2.dia.es/medias/h1b/h84/9610259988510.jpg"},{"title":"DISFRUTA Exótico néctar light mango envase 1 lt","price":"1,21 €\n\t\t\t\t\t\t\t1,06 €","pricePerUnit":"(1,21 €/l.)\n\t\t\t\t\t\t\t (1,06 €/l.)","imgUrl":"https://s3.dia.es/medias/h67/h4f/9610291413022.jpg"},{"title":"DISFRUTA nectar light manzana envase 2 lt","price":"2,24 €","pricePerUnit":"(1,12 €/l.)","imgUrl":"https://s1.dia.es/medias/h1d/hfd/9610257891358.jpg"},{"title":"DISFRUTA nectar sin azucar naranja envase 2 lt","price":"2,36 €","pricePerUnit":"(1,18 €/l.)","imgUrl":"https://s1.dia.es/medias/h11/h17/9610264477726.jpg"},{"title":"DISFRUTA néctar light 10 frutas con 10 vitaminas envase 2 lt","price":"2,24 €","pricePerUnit":"(1,12 €/l.)","imgUrl":"https://s3.dia.es/medias/hf7/h83/9610213785630.jpg"},{"title":"DISFRUTA néctar light 10 frutas con 10 vitaminas pack 6 unidades 200 ml","price":"2,17 €","pricePerUnit":"(1,81 €/l.)","imgUrl":"https://s0.dia.es/medias/h32/h29/9610212474910.jpg"},{"title":"DISFRUTA néctar light melocotón envase 2 lt","price":"2,29 €","pricePerUnit":"(1,15 €/l.)","imgUrl":"https://s3.dia.es/medias/hcf/h12/9640454619166.jpg"},{"title":"DISFRUTA néctar light pera piña envase 2 lt","price":"2,36 €","pricePerUnit":"(1,18 €/l.)","imgUrl":"https://s0.dia.es/medias/h6f/he3/9610263822366.jpg"},{"title":"DISFRUTA néctar light piña envase 2 lt","price":"2,36 €","pricePerUnit":"(1,18 €/l.)","imgUrl":"https://s1.dia.es/medias/h12/hcd/9610306617374.jpg"},{"title":"DISFRUTA néctar light piña pack 6 unidades 200 ml","price":"2,17 €","pricePerUnit":"(1,81 €/l.)","imgUrl":"https://s2.dia.es/medias/h0d/h6b/9610207559710.jpg"},{"title":"DISFRUTA néctar light tropical envase 2 lt","price":"2,24 €","pricePerUnit":"(1,12 €/l.)","imgUrl":"https://s0.dia.es/medias/h2c/hd6/9610208215070.jpg"},{"title":"DISFRUTA néctar melocotón sin azúcares añadidos pack 6 unidades 200 ml","price":"2,17 €","pricePerUnit":"(1,81 €/l.)","imgUrl":"https://s2.dia.es/medias/h9b/hf5/9610254286878.jpg"},{"title":"DON SIMON zumo de naranja exprimida con pulpa 1 lt","price":"1,65 €","pricePerUnit":"(1,65 €/l.)","imgUrl":"https://s0.dia.es/medias/h43/h3c/9565228236830.jpg"},{"title":"DON SIMON zumo de naranja exprimida sin pulpa envase 1 lt","price":"1,65 €","pricePerUnit":"(1,65 €/l.)","imgUrl":"https://s2.dia.es/medias/ha2/h51/9565253632030.jpg"},{"title":"DON SIMON zumo exprimido de naranja pack 3 unidades 200 ml","price":"1,05 €","pricePerUnit":"(1,75 €/l.)","imgUrl":"https://s0.dia.es/medias/h93/h3d/9535950389278.jpg"},{"title":"DON SIMON zumo exprimido piña y uva pack 3 unidades 200 ml","price":"1,00 €","pricePerUnit":"(1,67 €/l.)","imgUrl":"https://s0.dia.es/medias/h4c/h33/9550053146654.jpg"},{"title":"GRANINI nectar cocktail de frutas botella 1 lt","price":"1,99 €","pricePerUnit":"(1,99 €/l.)","imgUrl":"https://s3.dia.es/medias/h0b/hce/9671008256030.jpg"},{"title":"GRANINI nectar melocotón botella 1 lt","price":"1,99 €","pricePerUnit":"(1,99 €/l.)","imgUrl":"https://s0.dia.es/medias/h87/hc6/9671010222110.jpg"},{"title":"GRANINI nectar naranja y zanahoria ace botella 1 lt","price":"1,99 €","pricePerUnit":"(1,99 €/l.)","imgUrl":"https://s2.dia.es/medias/hb0/h23/9671009239070.jpg"},{"title":"GRANINI nectar piña botella 1 lt","price":"1,99 €","pricePerUnit":"(1,99 €/l.)","imgUrl":"https://s0.dia.es/medias/h7f/h3a/9671009566750.jpg"},{"title":"GRANINI néctar de arándanos botella 1 lt","price":"1,99 €","pricePerUnit":"(1,99 €/l.)","imgUrl":"https://s3.dia.es/medias/h28/h3c/9670899269662.jpg"},{"title":"GRANINI néctar de pomelo botella 1 lt","price":"2,09 €","pricePerUnit":"(2,09 €/l.)","imgUrl":"https://s3.dia.es/medias/heb/haf/9670896255006.jpg"},{"title":"GRANINI néctar melocotón pack 3 unidades 200 ml","price":"1,27 €","pricePerUnit":"(2,12 €/l.)","imgUrl":"https://s3.dia.es/medias/h54/h77/9671010549790.jpg"},{"title":"GRANINI néctar naranja botella 1 lt","price":"1,99 €","pricePerUnit":"(1,99 €/l.)","imgUrl":"https://s0.dia.es/medias/hff/hca/9671008911390.jpg"},{"title":"GRANINI néctar naranja, plátano y maracuya pack 3 unidades 200 ml","price":"1,27 €","pricePerUnit":"(2,12 €/l.)","imgUrl":"https://s0.dia.es/medias/h72/hec/9670895927326.jpg"},{"title":"GRANINI néctar piña  pack 3 unidades 200 ml","price":"1,27 €","pricePerUnit":"(2,12 €/l.)","imgUrl":"https://s0.dia.es/medias/h74/h5d/9662464557086.jpg"},{"title":"GRANINI zumo de tomate botella 1 lt","price":"1,99 €","pricePerUnit":"(1,99 €/l.)","imgUrl":"https://s3.dia.es/medias/ha2/h49/9670895599646.jpg"},{"title":"GREIP zumo uva blanca botella 1 lt","price":"1,89 €","pricePerUnit":"(1,89 €/l.)","imgUrl":"https://s1.dia.es/medias/ha0/ha4/9659795898398.jpg"},{"title":"GREIP zumo uva tinta botella 1 lt","price":"1,89 €","pricePerUnit":"(1,89 €/l.)","imgUrl":"https://s3.dia.es/medias/h44/h2d/9659769323550.jpg"},{"title":"JUVER néctar naranja sin azucares añadidos pack 6 unidades 200 ml","price":"2,17 €","pricePerUnit":"(1,81 €/l.)","imgUrl":"https://s3.dia.es/medias/h8d/hd3/9610213457950.jpg"},{"title":"JUVER néctar sin azúcar mango manzana 2 lt","price":"2,24 €","pricePerUnit":"(1,12 €/l.)","imgUrl":"https://s1.dia.es/medias/h33/h64/9610249175070.jpg"},{"title":"JUVER zumo concentrado 100% melocotón manzana y uva envase 1 lt","price":"1,08 €","pricePerUnit":"(1,08 €/l.)","imgUrl":"https://s0.dia.es/medias/hff/h91/9497376849950.jpg"},{"title":"JUVER zumo concentrado 100% multifrutas envase 1 lt","price":"1,08 €","pricePerUnit":"(1,08 €/l.)","imgUrl":"https://s3.dia.es/medias/h25/h4b/9610303012894.jpg"},{"title":"JUVER zumo concentrado 100% naranja envase 1 lt","price":"1,18 €","pricePerUnit":"(1,18 €/l.)","imgUrl":"https://s2.dia.es/medias/h85/hb2/9497389039646.jpg"},{"title":"JUVER zumo concentrado 100% piña envase 1 lt","price":"1,18 €","pricePerUnit":"(1,18 €/l.)","imgUrl":"https://s2.dia.es/medias/h42/h24/9497391562782.jpg"},{"title":"JUVER zumo de piña pack 6 unidades 200 ml","price":"2,58 €","pricePerUnit":"(2,15 €/l.)","imgUrl":"https://s3.dia.es/medias/h88/h16/9263092498462.jpg"},{"title":"JUVER zumo melocoton uva manzana pack 6 unidades 200 ml","price":"2,23 €","pricePerUnit":"(1,86 €/l.)","imgUrl":"https://s2.dia.es/medias/haf/h46/9560764121118.jpg"},{"title":"JUVER zumo multifrutas pack 6 unidades 200 ml","price":"2,23 €","pricePerUnit":"(1,86 €/l.)","imgUrl":"https://s2.dia.es/medias/h5c/hd0/9497372917790.jpg"},{"title":"POLENGHI zumo de limón concentrado botella 200 ml","price":"0,78 €","pricePerUnit":"(3,90 €/l.)","imgUrl":"https://s0.dia.es/medias/h2e/h77/9082968571934.jpg"},{"title":"VALMASERA néctar de fresa, ciruela y manzana bio botella 500 ml","price":"2,70 €","pricePerUnit":"(5,40 €/l.)","imgUrl":"https://s3.dia.es/medias/hda/h9a/9100883460126.jpg"},{"title":"VALMASERA néctar de manzana, zanahoria y pera bio botella 500 ml","price":"2,25 €","pricePerUnit":"(4,50 €/l.)","imgUrl":"https://s1.dia.es/medias/he1/h44/9100887392286.jpg"},{"title":"VALMASERA néctar de melocotón botella 1 lt","price":"2,75 €","pricePerUnit":"(2,75 €/l.)","imgUrl":"https://s3.dia.es/medias/he2/h15/9100886081566.jpg"},{"title":"VALMASERA néctar de zanahoria bio botella 500 ml","price":"1,95 €","pricePerUnit":"(3,90 €/l.)","imgUrl":"https://s1.dia.es/medias/hda/hf0/9100879855646.jpg"},{"title":"VALMASERA zumo de naranja bio botella 1 lt","price":"2,75 €","pricePerUnit":"(2,75 €/l.)","imgUrl":"https://s2.dia.es/medias/he8/h96/9100891652126.jpg"},{"title":"VIVESOY bebida de zumo de melocotón y soja envase 1 lt","price":"1,40 €","pricePerUnit":"(1,40 €/l.)","imgUrl":"https://s2.dia.es/medias/hf0/h12/9509515067422.jpg"},{"title":"VIVESOY bebida de zumo de naranja y soja envase 1 lt","price":"1,35 €","pricePerUnit":"(1,35 €/l.)","imgUrl":"https://s1.dia.es/medias/haf/h8c/9509564645406.jpg"},{"title":"VIVESOY bebida de zumo de piña y soja envase 1 lt","price":"1,35 €","pricePerUnit":"(1,35 €/l.)","imgUrl":"https://s1.dia.es/medias/he0/h2b/9509559730206.jpg"},{"title":"ZUMOSOL zumo de arándanos, fresa y uva botella 750 ml","price":"1,99 €","pricePerUnit":"(2,65 €/l.)","imgUrl":"https://s1.dia.es/medias/h6f/h33/9607933165598.jpg"},{"title":"ZUMOSOL zumo de granada, mora, frambuesa y uva botella 750 ml","price":"1,99 €","pricePerUnit":"(2,65 €/l.)","imgUrl":"https://s2.dia.es/medias/hba/h0e/9607929888798.jpg"},{"title":"ZUMOSOL zumo de naranja exprimida con pulpa envase 1 lt","price":"1,99 €","pricePerUnit":"(1,99 €/l.)","imgUrl":"https://s1.dia.es/medias/h17/h76/9287454785566.jpg"},{"title":"ZUMOSOL zumo de naranja exprimida sin pulpa envase 1 lt","price":"1,99 €","pricePerUnit":"(1,99 €/l.)","imgUrl":"https://s0.dia.es/medias/hce/h30/9294903377950.jpg"},{"title":"ZUMOSOL zumo de naranja sin pulpa botella 750 ml","price":"1,99 €","pricePerUnit":"(2,65 €/l.)","imgUrl":"https://s2.dia.es/medias/h58/h3e/9334480994334.jpg"},{"title":"ZUMOSOL zumo de naranja y arándanos envase 1 lt","price":"1,79 €","pricePerUnit":"(1,79 €/l.)","imgUrl":"https://s1.dia.es/medias/h29/h46/9626461863966.jpg"},{"title":"ZUMOSOL zumo de naranja y fresa envase 1 lt","price":"1,79 €","pricePerUnit":"(1,79 €/l.)","imgUrl":"https://s2.dia.es/medias/h31/h64/9626460880926.jpg"},{"title":"ZUMOSOL zumo de naranja y kiwi envase 1 lt","price":"1,58 €","pricePerUnit":"(1,58 €/l.)","imgUrl":"https://s0.dia.es/medias/hf1/h43/9629959389214.jpg"},{"title":"ZUMOSOL zumo de naranja y mango envase 1 lt","price":"1,58 €","pricePerUnit":"(1,58 €/l.)","imgUrl":"https://s3.dia.es/medias/h57/h92/9626543456286.jpg"},{"title":"ZUMOSOL zumo de naranja y zanahoria envase 1 lt","price":"1,58 €","pricePerUnit":"(1,58 €/l.)","imgUrl":"https://s1.dia.es/medias/hb0/h35/9626515144734.jpg"},{"title":"ZUMOSOL zumo de piña botella 750 ml","price":"1,99 €","pricePerUnit":"(2,65 €/l.)","imgUrl":"https://s1.dia.es/medias/hc4/hb1/9334549970974.jpg"}]}},"aguas":{"name":"Aguas","productTypes":["agua-con-gas","agua-sin-gas","agua-sabores"],"agua-con-gas":{"categoryUrl":"/compra-online/productos/bebidas/aguas/agua-con-gas/c/WEB.008.059.00413","products":[{"title":"DIA agua mineral con gas botella 1.5 lt","price":"0,30 €","pricePerUnit":"(0,20 €/l.)","imgUrl":"https://s2.dia.es/medias/h9b/h25/9334531883038.jpg"},{"title":"FONTER agua mineral con gas botella 1 lt","price":"0,83 €","pricePerUnit":"(0,83 €/l.)","imgUrl":"https://s3.dia.es/medias/h3e/h66/9644406669342.jpg"},{"title":"PERRIER agua con gas botella 500 ml","price":"0,82 €","pricePerUnit":"(1,64 €/l.)","imgUrl":"https://s0.dia.es/medias/h30/h52/9673813622814.jpg"},{"title":"SAN PELLEGRINO agua mineral con gas botella 1 lt","price":"1,09 €","pricePerUnit":"(1,09 €/l.)","imgUrl":"https://s2.dia.es/medias/h5e/h53/9673817882654.jpg"},{"title":"VICHY CATALAN agua mineral con gas botella 1 lt","price":"1,15 €","pricePerUnit":"(1,15 €/l.)","imgUrl":"https://s3.dia.es/medias/hc8/h2b/8915608043550.jpg"}]},"agua-sin-gas":{"categoryUrl":"/compra-online/productos/bebidas/aguas/agua-sin-gas/c/WEB.008.059.00414","products":[{"title":"AQUABONA agua mineral natural botella 1.5 lt","price":"0,39 €","pricePerUnit":"(0,26 €/l.)","imgUrl":"https://s2.dia.es/medias/h0b/h20/9680385605662.jpg"},{"title":"AQUABONA agua mineral natural botella 2.5 lt","price":"0,75 €","pricePerUnit":"(0,30 €/l.)","imgUrl":"https://s2.dia.es/medias/h95/h92/9680402251806.jpg"},{"title":"AQUABONA agua mineral natural botella 5 lt","price":"1,00 €","pricePerUnit":"(0,20 €/l.)","imgUrl":"https://s2.dia.es/medias/h31/h9a/9680424271902.jpg"},{"title":"AQUAREL agua mineral botella 33 cl","price":"0,47 €","pricePerUnit":"(1,42 €/l.)","imgUrl":"https://s0.dia.es/medias/hda/hbf/9678770274334.jpg"},{"title":"AQUAREL agua mineral natural botella 1.5 lt","price":"0,46 €","pricePerUnit":"(0,31 €/l.)","imgUrl":"https://s1.dia.es/medias/h71/h3a/9673800941598.jpg"},{"title":"AQUAREL agua mineral natural botella 2 lt","price":"0,52 €","pricePerUnit":"(0,26 €/l.)","imgUrl":"https://s0.dia.es/medias/h17/h46/9673758933022.jpg"},{"title":"AQUAREL agua mineral natural botella 5 lt","price":"1,10 €","pricePerUnit":"(0,22 €/l.)","imgUrl":"https://s1.dia.es/medias/h98/hd2/9673802907678.jpg"},{"title":"AQUAREL agua mineral natural botella 50 cl","price":"0,43 €","pricePerUnit":"(0,86 €/l.)","imgUrl":"https://s0.dia.es/medias/h06/h93/9673723019294.jpg"},{"title":"AQUAREL agua mineral natural botella tapón sport 33 cl","price":"0,37 €","pricePerUnit":"(1,12 €/l.)","imgUrl":"https://s0.dia.es/medias/h59/h46/9674567614494.jpg"},{"title":"AUARA agua mineral natural sin gas botella 50 cl","price":"0,57 €","pricePerUnit":"(1,14 €/l.)","imgUrl":"https://s1.dia.es/medias/h94/hbb/9487966306334.jpg"},{"title":"BEZOYA agua mineral natural botella  tapón sport 33 cl","price":"0,41 €","pricePerUnit":"(1,24 €/l.)","imgUrl":"https://s0.dia.es/medias/hdc/h20/9572104568862.jpg"},{"title":"BEZOYA agua mineral natural botella 1.5 lt","price":"0,59 €","pricePerUnit":"(0,39 €/l.)","imgUrl":"https://s3.dia.es/medias/h66/hef/9333332213790.jpg"},{"title":"BEZOYA agua mineral natural botella 5 lt","price":"1,85 €","pricePerUnit":"(0,37 €/l.)","imgUrl":"https://s2.dia.es/medias/h9a/hcb/9326340931614.jpg"},{"title":"BEZOYA agua mineral natural botella 500 ml","price":"0,45 €","pricePerUnit":"(0,90 €/l.)","imgUrl":"https://s2.dia.es/medias/h33/hf9/9546744168478.jpg"},{"title":"DIA agua mineral natural botella 1.5 lt","price":"0,20 €","pricePerUnit":"(0,13 €/l.)","imgUrl":"https://s2.dia.es/medias/hf4/h0c/9382691831838.jpg"},{"title":"DIA agua mineral natural botella 2 lt","price":"0,35 €","pricePerUnit":"(0,18 €/l.)","imgUrl":"https://s0.dia.es/medias/h8f/he1/8823129931806.png"},{"title":"DIA agua mineral natural botella 33 cl","price":"0,21 €","pricePerUnit":"(0,64 €/l.)","imgUrl":"https://s0.dia.es/medias/hac/h04/9382697959454.jpg"},{"title":"DIA agua mineral natural botella 5 lt","price":"0,46 €","pricePerUnit":"(0,09 €/l.)","imgUrl":"https://s2.dia.es/medias/h53/h79/9397004238878.jpg"},{"title":"DIA agua mineral natural botella 50 cl","price":"0,17 €","pricePerUnit":"(0,34 €/l.)","imgUrl":"https://s0.dia.es/medias/he5/h4b/8822222454814.png"},{"title":"FONT VELLA agua mineral natural botella 1 lt","price":"0,63 €","pricePerUnit":"(0,63 €/l.)","imgUrl":"https://s3.dia.es/medias/h52/ha3/9644342509598.jpg"},{"title":"FONT VELLA agua mineral natural botella 1.5 lt","price":"0,59 €","pricePerUnit":"(0,39 €/l.)","imgUrl":"https://s2.dia.es/medias/h12/hc6/9644396052510.jpg"},{"title":"FONT VELLA agua mineral natural botella 2 lt","price":"0,80 €","pricePerUnit":"(0,40 €/l.)","imgUrl":"https://s0.dia.es/medias/hdb/h45/9644388646942.jpg"},{"title":"FONT VELLA agua mineral natural botella 50 cl","price":"0,51 €","pricePerUnit":"(1,02 €/l.)","imgUrl":"https://s0.dia.es/medias/hd4/h08/9367027908638.jpg"},{"title":"FONT VELLA agua mineral natural botella 6.25 lt","price":"1,99 €\n\t\t\t\t\t\t\t1,80 €","pricePerUnit":"(0,32 €/l.)\n\t\t\t\t\t\t\t (0,29 €/l.)","imgUrl":"https://s2.dia.es/medias/hfc/hcd/9644396380190.jpg"},{"title":"FONT VELLA agua mineral natural botella tapón sport 33 cl","price":"0,40 €","pricePerUnit":"(1,21 €/l.)","imgUrl":"https://s2.dia.es/medias/haa/hae/9665616117790.jpg"},{"title":"LANJARON agua mineral natural botella 1.25 lt","price":"0,65 €","pricePerUnit":"(0,52 €/l.)","imgUrl":"https://s1.dia.es/medias/h14/haf/9602967994398.jpg"},{"title":"LANJARON agua mineral natural botella 1.5 lt","price":"0,59 €","pricePerUnit":"(0,39 €/l.)","imgUrl":"https://s3.dia.es/medias/hd8/hdd/9602953510942.jpg"},{"title":"LANJARON agua mineral natural botella 33 cl","price":"0,58 €","pricePerUnit":"(1,76 €/l.)","imgUrl":"https://s1.dia.es/medias/h77/ha0/9665618804766.jpg"},{"title":"LANJARON agua mineral natural botella 6.25 lt","price":"1,95 €","pricePerUnit":"(0,31 €/l.)","imgUrl":"https://s3.dia.es/medias/hbe/h4d/9602931294238.jpg"},{"title":"LANJARON agua mineral natural botella tapón sport 33 cl","price":"0,49 €","pricePerUnit":"(1,48 €/l.)","imgUrl":"https://s1.dia.es/medias/hd4/h57/9602871918622.jpg"},{"title":"SOLAN DE CABRAS agua mineral botella 50 cl","price":"0,59 €","pricePerUnit":"(1,18 €/l.)","imgUrl":"https://s3.dia.es/medias/hf3/h44/9339213217822.jpg"},{"title":"SOLAN DE CABRAS agua mineral botella 75 cl","price":"0,65 €","pricePerUnit":"(0,87 €/l.)","imgUrl":"https://s0.dia.es/medias/ha4/hed/9339207745566.jpg"},{"title":"SOLAN DE CABRAS agua mineral natural botella 1.5 lt","price":"0,71 €","pricePerUnit":"(0,47 €/l.)","imgUrl":"https://s1.dia.es/medias/hdf/h63/9339210924062.jpg"},{"title":"SOLAN DE CABRAS agua mineral natural botella 5 lt","price":"2,11 €","pricePerUnit":"(0,42 €/l.)","imgUrl":"https://s3.dia.es/medias/h11/h44/9388897206302.jpg"},{"title":"VILAS DEL TURBÓN agua mineral natural botella 1 lt","price":"0,70 €","pricePerUnit":"(0,70 €/l.)","imgUrl":"https://s2.dia.es/medias/hbd/h80/9680310108190.jpg"},{"title":"VILAS DEL TURBÓN agua mineral natural botella 50 cl","price":"0,50 €","pricePerUnit":"(1,00 €/l.)","imgUrl":"https://s1.dia.es/medias/h4c/h53/9651356696606.jpg"}]},"agua-sabores":{"categoryUrl":"/compra-online/productos/bebidas/aguas/agua-sabores/c/WEB.008.059.00415","products":[{"title":"FONT VELLA Sensación agua mineral sabor limón botella 1.25 lt","price":"1,15 €","pricePerUnit":"(0,92 €/l.)","imgUrl":"https://s1.dia.es/medias/hd0/h5e/9644390416414.jpg"},{"title":"FONTVELLA Levite limón botella 1.25 lt","price":"1,29 €","pricePerUnit":"(1,03 €/l.)","imgUrl":"https://s2.dia.es/medias/hf6/hb1/9644375408670.jpg"},{"title":"FONTVELLA Levite naranja botella 1.25 lt","price":"1,29 €","pricePerUnit":"(1,03 €/l.)","imgUrl":"https://s0.dia.es/medias/h1a/hc3/9644409946142.jpg"},{"title":"SOLAN DE CABRAS refresco sin gas multifrutas botella 1 lt","price":"1,77 €","pricePerUnit":"(1,77 €/l.)","imgUrl":"https://s3.dia.es/medias/h6b/h32/9677929906206.jpg"},{"title":"SOLAN DE CABRAS refresco sin gas multifrutas botella 33 cl","price":"0,79 €","pricePerUnit":"(2,39 €/l.)","imgUrl":"https://s2.dia.es/medias/h3b/hbf/9520152379422.jpg"}]}},"refrescos":{"name":"Refrescos","productTypes":["cola","limon","naranja","limalimon","sabores","bitter","te","tonica-y-ginger-ale","bebidas-de-frutas","refrigerados","polvos-para-preparar"],"cola":{"categoryUrl":"/compra-online/productos/bebidas/refrescos/cola/c/WEB.008.060.00417","products":[{"title":"COCA COLA clásica botella 1.25 lt","price":"1,19 €\n\t\t\t\t\t\t\t1,00 €","pricePerUnit":"(0,95 €/l.)\n\t\t\t\t\t\t\t (0,80 €/l.)","imgUrl":"https://s3.dia.es/medias/he7/hf2/9680444391454.jpg"},{"title":"COCA COLA clásica botella 2 lt","price":"1,51 €","pricePerUnit":"(0,76 €/l.)","imgUrl":"https://s2.dia.es/medias/h6d/h04/9651350241310.jpg"},{"title":"COCA COLA clásica botella 50 cl","price":"0,99 €","pricePerUnit":"(1,98 €/l.)","imgUrl":"https://s1.dia.es/medias/h4c/h7d/9680498851870.jpg"},{"title":"COCA COLA clásica lata 33 cl","price":"0,62 €","pricePerUnit":"(1,88 €/l.)","imgUrl":"https://s0.dia.es/medias/h3b/ha0/9680430497822.jpg"},{"title":"COCA COLA clásica mini pack 6 latas 25 cl","price":"3,00 €","pricePerUnit":"(2,00 €/l.)","imgUrl":"https://s1.dia.es/medias/h47/he0/9680388554782.jpg"},{"title":"COCA COLA clásica pack 12 latas 33 cl","price":"7,32 €","pricePerUnit":"(1,85 €/l.)","imgUrl":"https://s3.dia.es/medias/h3d/h53/9680445767710.jpg"},{"title":"COCA COLA clásica pack 2 botellas 2 lt","price":"2,98 €","pricePerUnit":"(0,75 €/l.)","imgUrl":"https://s3.dia.es/medias/hee/hcc/9680391634974.jpg"},{"title":"COCA COLA clásica pack 24 latas 33 cl","price":"14,40 €","pricePerUnit":"(1,82 €/l.)","imgUrl":"https://s2.dia.es/medias/h4b/h42/9651357351966.jpg"},{"title":"COCA COLA clásica pack 4 botellas 2 lt","price":"5,84 €","pricePerUnit":"(0,73 €/l.)","imgUrl":"https://s0.dia.es/medias/h10/hfa/9680408477726.jpg"},{"title":"COCA COLA clásica pack 6 botellas 20 cl","price":"4,38 €","pricePerUnit":"(3,65 €/l.)","imgUrl":"https://s1.dia.es/medias/h55/haf/9680447406110.jpg"},{"title":"COCA COLA light botella 1.25 lt","price":"1,19 €\n\t\t\t\t\t\t\t1,00 €","pricePerUnit":"(0,95 €/l.)\n\t\t\t\t\t\t\t (0,80 €/l.)","imgUrl":"https://s0.dia.es/medias/h9e/hd7/9680428859422.jpg"},{"title":"COCA COLA light botella 2 lt","price":"1,51 €","pricePerUnit":"(0,76 €/l.)","imgUrl":"https://s1.dia.es/medias/h06/h1f/9680383246366.jpg"},{"title":"COCA COLA light botella 50 cl","price":"0,99 €","pricePerUnit":"(1,98 €/l.)","imgUrl":"https://s0.dia.es/medias/h29/h7a/9680497541150.jpg"},{"title":"COCA COLA light lata 33 cl","price":"0,62 €","pricePerUnit":"(1,88 €/l.)","imgUrl":"https://s0.dia.es/medias/ha3/h8e/9680410443806.jpg"},{"title":"COCA COLA light pack 12 latas 33 cl","price":"7,32 €","pricePerUnit":"(1,85 €/l.)","imgUrl":"https://s0.dia.es/medias/h20/hd9/9651340017694.jpg"},{"title":"COCA COLA light pack 2 botellas 2 lt","price":"2,98 €","pricePerUnit":"(0,75 €/l.)","imgUrl":"https://s3.dia.es/medias/h2d/hff/9680431480862.jpg"},{"title":"COCA COLA light pack 4 botellas 2 lt","price":"5,84 €","pricePerUnit":"(0,73 €/l.)","imgUrl":"https://s3.dia.es/medias/h4e/h8d/9651353092126.jpg"},{"title":"COCA COLA light sin cafeina lata 33 cl","price":"0,62 €","pricePerUnit":"(1,88 €/l.)","imgUrl":"https://s1.dia.es/medias/h6f/h93/9680415686686.jpg"},{"title":"COCA COLA light sin cafeína botella 2 lt","price":"1,51 €","pricePerUnit":"(0,76 €/l.)","imgUrl":"https://s0.dia.es/medias/h9c/h62/9651355713566.jpg"},{"title":"COCA COLA sin cafeina lata 33 cl","price":"0,62 €","pricePerUnit":"(1,88 €/l.)","imgUrl":"https://s3.dia.es/medias/hda/hc2/9680434823198.jpg"},{"title":"COCA COLA sin cafeína botella 2 lt","price":"1,51 €","pricePerUnit":"(0,76 €/l.)","imgUrl":"https://s0.dia.es/medias/h58/h4d/9680440131614.jpg"},{"title":"COCA COLA zero botella 1.25 lt","price":"1,19 €\n\t\t\t\t\t\t\t1,00 €","pricePerUnit":"(0,95 €/l.)\n\t\t\t\t\t\t\t (0,80 €/l.)","imgUrl":"https://s3.dia.es/medias/h79/h0e/9680407167006.jpg"},{"title":"COCA COLA zero botella 2 lt","price":"1,51 €","pricePerUnit":"(0,76 €/l.)","imgUrl":"https://s3.dia.es/medias/h37/h5e/9680421650462.jpg"},{"title":"COCA COLA zero botella 50 cl","price":"0,99 €","pricePerUnit":"(1,98 €/l.)","imgUrl":"https://s3.dia.es/medias/hd3/h86/9680436527134.jpg"},{"title":"COCA COLA zero lata 33 cl","price":"0,62 €","pricePerUnit":"(1,88 €/l.)","imgUrl":"https://s3.dia.es/medias/hfc/hb8/9680422961182.jpg"},{"title":"COCA COLA zero pack 12 latas 33 cl","price":"7,32 €","pricePerUnit":"(1,85 €/l.)","imgUrl":"https://s2.dia.es/medias/h2a/he1/9680394584094.jpg"},{"title":"COCA COLA zero pack 2 botellas 2 lt","price":"2,98 €","pricePerUnit":"(0,75 €/l.)","imgUrl":"https://s2.dia.es/medias/h2e/h2e/9680451010590.jpg"},{"title":"COCA COLA zero pack 4 botellas 2 lt","price":"5,84 €","pricePerUnit":"(0,73 €/l.)","imgUrl":"https://s1.dia.es/medias/hc5/h85/9680412082206.jpg"},{"title":"COCA COLA zero sin cafeina lata 33 cl","price":"0,62 €","pricePerUnit":"(1,88 €/l.)","imgUrl":"https://s1.dia.es/medias/h14/h1e/9680438165534.jpg"},{"title":"COCA COLA zero sin cafeína botella 2 lt","price":"1,51 €","pricePerUnit":"(0,76 €/l.)","imgUrl":"https://s1.dia.es/medias/h0d/h37/9651359875102.jpg"},{"title":"DIA refresco de cola 0% botella 2 lt","price":"0,63 €","pricePerUnit":"(0,32 €/l.)","imgUrl":"https://s3.dia.es/medias/hed/h1a/9524465565726.jpg"},{"title":"DIA refresco de cola 0% lata 33 cl","price":"0,26 €","pricePerUnit":"(0,79 €/l.)","imgUrl":"https://s1.dia.es/medias/h7c/h4c/9015905157150.jpg"},{"title":"DIA refresco de cola 0% pack 12 latas 33 cl","price":"2,97 €","pricePerUnit":"(0,75 €/l.)","imgUrl":"https://s2.dia.es/medias/h2e/h4a/8828663201822.png"},{"title":"DIA refresco de cola botella 2 lt","price":"0,80 €","pricePerUnit":"(0,40 €/l.)","imgUrl":"https://s1.dia.es/medias/h08/hd3/9102899380254.jpg"},{"title":"DIA refresco de cola lata 33 cl","price":"0,26 €","pricePerUnit":"(0,79 €/l.)","imgUrl":"https://s3.dia.es/medias/h93/hdf/9524464910366.jpg"},{"title":"DIA refresco de cola pack 12 latas 33 cl","price":"2,79 €","pricePerUnit":"(0,70 €/l.)","imgUrl":"https://s3.dia.es/medias/h56/h40/9015923245086.jpg"},{"title":"DIA refresco de cola sin cafeína 0% azúcares botella 2 lt","price":"0,62 €","pricePerUnit":"(0,31 €/l.)","imgUrl":"https://s0.dia.es/medias/hb5/hf3/9191482130462.jpg"},{"title":"GREEN COLA con stevia lata 33 cl","price":"0,62 €","pricePerUnit":"(1,88 €/l.)","imgUrl":"https://s2.dia.es/medias/h6a/h95/9642242113566.jpg"},{"title":"PEPSI clásica botella 2 lt","price":"1,29 €","pricePerUnit":"(0,65 €/l.)","imgUrl":"https://s3.dia.es/medias/h4a/hf2/9659807170590.jpg"},{"title":"PEPSI clásica lata 33 cl","price":"0,52 €","pricePerUnit":"(1,58 €/l.)","imgUrl":"https://s2.dia.es/medias/h10/h62/9659851079710.jpg"},{"title":"PEPSI clásica pack 12 latas 33 cl","price":"4,92 €","pricePerUnit":"(1,24 €/l.)","imgUrl":"https://s0.dia.es/medias/h3b/ha0/9659780857886.jpg"},{"title":"PEPSI clásica pack 2 botellas 2 Lt","price":"2,48 €","pricePerUnit":"(0,62 €/l.)","imgUrl":"https://s0.dia.es/medias/h22/hfc/9659848458270.jpg"},{"title":"PEPSI light botella 2 lt","price":"1,00 €","pricePerUnit":"(0,50 €/l.)","imgUrl":"https://s0.dia.es/medias/ha9/ha3/9659755331614.jpg"},{"title":"PEPSI light lata 33 cl","price":"0,49 €","pricePerUnit":"(1,48 €/l.)","imgUrl":"https://s3.dia.es/medias/hee/hb5/9659764506654.jpg"},{"title":"PEPSI light sin cafeína botella 2 Lt","price":"1,00 €","pricePerUnit":"(0,50 €/l.)","imgUrl":"https://s2.dia.es/medias/h32/h05/9659777089566.jpg"},{"title":"PEPSI light sin cafeína lata 33 cl","price":"0,49 €","pricePerUnit":"(1,48 €/l.)","imgUrl":"https://s3.dia.es/medias/hb2/h5b/9659792949278.jpg"},{"title":"PEPSI Max zero botella 2 lt","price":"1,29 €","pricePerUnit":"(0,65 €/l.)","imgUrl":"https://s1.dia.es/medias/h53/hd6/9659806842910.jpg"},{"title":"PEPSI Max zero cafeína botella 2 lt","price":"1,00 €","pricePerUnit":"(0,50 €/l.)","imgUrl":"https://s1.dia.es/medias/h73/h4d/9659747139614.jpg"},{"title":"PEPSI Max zero cafeína lata 33 cl","price":"0,45 €","pricePerUnit":"(1,36 €/l.)","imgUrl":"https://s1.dia.es/medias/h7d/h70/9659827978270.jpg"},{"title":"PEPSI Max zero lata 33 cl","price":"0,49 €","pricePerUnit":"(1,48 €/l.)","imgUrl":"https://s1.dia.es/medias/h2b/h09/9659846492190.jpg"},{"title":"PEPSI Max zero pack 2 botellas 2 lt","price":"2,30 €","pricePerUnit":"(0,58 €/l.)","imgUrl":"https://s0.dia.es/medias/ha8/h56/9565236101150.jpg"},{"title":"PEPSI Max zero pack 9 latas 33 cl","price":"4,25 €","pricePerUnit":"(1,43 €/l.)","imgUrl":"https://s3.dia.es/medias/h78/hbd/9659763195934.jpg"}]},"limon":{"categoryUrl":"/compra-online/productos/bebidas/refrescos/limon/c/WEB.008.060.00419","products":[{"title":"DIA limon con gas light botella 2 lt","price":"0,69 €","pricePerUnit":"(0,35 €/l.)","imgUrl":"https://s3.dia.es/medias/h79/h1f/9052657516574.jpg"},{"title":"DIA limón con gas botella 2 lt","price":"0,69 €","pricePerUnit":"(0,35 €/l.)","imgUrl":"https://s1.dia.es/medias/hd1/h22/9641259794462.jpg"},{"title":"DIA limón con gas lata 33 cl","price":"0,26 €","pricePerUnit":"(0,79 €/l.)","imgUrl":"https://s2.dia.es/medias/hec/h7a/9263124742174.jpg"},{"title":"DIA refresco sin gas limón botella 1.5 lt","price":"0,73 €","pricePerUnit":"(0,49 €/l.)","imgUrl":"https://s1.dia.es/medias/h67/h1f/8984102109214.jpg"},{"title":"DIA refresco sin gas limón lata 33 cl","price":"0,36 €","pricePerUnit":"(1,09 €/l.)","imgUrl":"https://s2.dia.es/medias/h14/h8e/9263105409054.jpg"},{"title":"FANTA limón botella 2 lt","price":"1,32 €","pricePerUnit":"(0,66 €/l.)","imgUrl":"https://s3.dia.es/medias/hbf/h65/9680381935646.jpg"},{"title":"FANTA limón lata 33 cl","price":"0,48 €","pricePerUnit":"(1,45 €/l.)","imgUrl":"https://s3.dia.es/medias/hd7/h81/9680392618014.jpg"},{"title":"FANTA zero limón botella 2 lt","price":"1,32 €","pricePerUnit":"(0,66 €/l.)","imgUrl":"https://s3.dia.es/medias/h35/ha9/9680449699870.jpg"},{"title":"FANTA zero limón lata 33 cl","price":"0,48 €","pricePerUnit":"(1,45 €/l.)","imgUrl":"https://s1.dia.es/medias/h42/heb/9680401596446.jpg"},{"title":"KAS limón botella 2 lt","price":"1,29 €","pricePerUnit":"(0,65 €/l.)","imgUrl":"https://s1.dia.es/medias/hda/h7c/9659769651230.jpg"},{"title":"KAS limón lata 33 cl","price":"0,46 €","pricePerUnit":"(1,39 €/l.)","imgUrl":"https://s2.dia.es/medias/h0f/h6d/9667576365086.jpg"},{"title":"KAS limón light lata 33 cl","price":"0,46 €","pricePerUnit":"(1,39 €/l.)","imgUrl":"https://s2.dia.es/medias/hd7/h05/9659795243038.jpg"},{"title":"MINUTE MAID  limon&nada botella 1 lt","price":"1,32 €","pricePerUnit":"(1,32 €/l.)","imgUrl":"https://s2.dia.es/medias/h84/h28/9680399171614.jpg"},{"title":"SCHWEPPES limón lata 33 cl","price":"0,68 €","pricePerUnit":"(2,06 €/l.)","imgUrl":"https://s3.dia.es/medias/ha7/h04/9672852013086.jpg"},{"title":"TRINA limón botella 1,5 lt","price":"1,39 €","pricePerUnit":"(0,93 €/l.)","imgUrl":"https://s3.dia.es/medias/h18/hf4/9665580564510.jpg"}]},"naranja":{"categoryUrl":"/compra-online/productos/bebidas/refrescos/naranja/c/WEB.008.060.00420","products":[{"title":"DIA naranja con gas botella 2 lt","price":"0,65 €","pricePerUnit":"(0,33 €/l.)","imgUrl":"https://s0.dia.es/medias/h17/h79/9641259139102.jpg"},{"title":"DIA naranja con gas lata 33 cl","price":"0,26 €","pricePerUnit":"(0,79 €/l.)","imgUrl":"https://s2.dia.es/medias/h22/he7/9158834323486.jpg"},{"title":"DIA naranja con gas light botella 2 lt","price":"0,67 €","pricePerUnit":"(0,34 €/l.)","imgUrl":"https://s1.dia.es/medias/h99/hdf/9641258811422.jpg"},{"title":"DIA refresco sin gas naranja botella 1.5 lt","price":"0,73 €","pricePerUnit":"(0,49 €/l.)","imgUrl":"https://s3.dia.es/medias/h23/h78/9641257828382.jpg"},{"title":"DIA zero naranja lata 33 cl","price":"0,30 €","pricePerUnit":"(0,91 €/l.)","imgUrl":"https://s2.dia.es/medias/h90/h7c/9015916691486.jpg"},{"title":"FANTA naranja botella 2 lt","price":"1,29 €","pricePerUnit":"(0,65 €/l.)","imgUrl":"https://s3.dia.es/medias/hd0/h45/9680390914078.jpg"},{"title":"FANTA naranja botella 50 cl","price":"0,99 €","pricePerUnit":"(1,98 €/l.)","imgUrl":"https://s3.dia.es/medias/h9d/h1a/9680499834910.jpg"},{"title":"FANTA naranja lata 33 cl","price":"0,47 €","pricePerUnit":"(1,42 €/l.)","imgUrl":"https://s2.dia.es/medias/h10/hc4/9680393273374.jpg"},{"title":"FANTA naranja pack 2 botellas 2 lt","price":"2,52 €","pricePerUnit":"(0,63 €/l.)","imgUrl":"https://s3.dia.es/medias/hf1/h09/9680400220190.jpg"},{"title":"FANTA naranja pack 9 latas 33 cl","price":"4,14 €","pricePerUnit":"(1,39 €/l.)","imgUrl":"https://s0.dia.es/medias/he1/hb7/9680404873246.jpg"},{"title":"FANTA zero naranja botella 2 lt","price":"1,29 €","pricePerUnit":"(0,65 €/l.)","imgUrl":"https://s3.dia.es/medias/hf8/h61/9651504840734.jpg"},{"title":"FANTA zero naranja lata 33 cl","price":"0,47 €","pricePerUnit":"(1,42 €/l.)","imgUrl":"https://s2.dia.es/medias/h25/h6a/9680414703646.jpg"},{"title":"KAS naranja botella 2 lt","price":"1,29 €","pricePerUnit":"(0,65 €/l.)","imgUrl":"https://s1.dia.es/medias/ha1/h94/9659825684510.jpg"},{"title":"KAS naranja lata 33 cl","price":"0,46 €","pricePerUnit":"(1,39 €/l.)","imgUrl":"https://s1.dia.es/medias/ha9/h5c/9659758280734.jpg"},{"title":"KAS naranja pack 2 botellas 2 lt","price":"2,48 €","pricePerUnit":"(0,62 €/l.)","imgUrl":"https://s3.dia.es/medias/h99/hea/9659804483614.jpg"},{"title":"KAS naranja zero lata 33 cl","price":"0,46 €","pricePerUnit":"(1,39 €/l.)","imgUrl":"https://s0.dia.es/medias/h76/h1b/9659805138974.jpg"},{"title":"KAS zero naranja botella 2 lt","price":"1,29 €","pricePerUnit":"(0,65 €/l.)","imgUrl":"https://s3.dia.es/medias/h9e/haf/9659840757790.jpg"},{"title":"TRINA naranja botella 1.5 lt","price":"1,39 €","pricePerUnit":"(0,93 €/l.)","imgUrl":"https://s1.dia.es/medias/hfa/h5b/9673670885406.jpg"},{"title":"TRINA naranja lata 33 cl","price":"0,54 €","pricePerUnit":"(1,64 €/l.)","imgUrl":"https://s2.dia.es/medias/hde/h3e/9352994586654.jpg"},{"title":"TRINA Zero mini naranja botella 275 ml","price":"0,60 €","pricePerUnit":"(2,18 €/l.)","imgUrl":"https://s0.dia.es/medias/he1/hd4/9673739567134.jpg"}]},"limalimon":{"categoryUrl":"/compra-online/productos/bebidas/refrescos/limalimon/c/WEB.008.060.00418","products":[{"title":"DIA refresco lima limón botella 2 lt","price":"0,59 €","pricePerUnit":"(0,30 €/l.)","imgUrl":"https://s1.dia.es/medias/h96/h7d/9641258483742.jpg"},{"title":"SEVEN UP botella 2 lt","price":"1,00 €","pricePerUnit":"(0,50 €/l.)","imgUrl":"https://s1.dia.es/medias/h8f/h17/9659789934622.jpg"},{"title":"SEVEN UP lata 33 cl","price":"0,44 €","pricePerUnit":"(1,33 €/l.)","imgUrl":"https://s1.dia.es/medias/h8b/h6d/9659812577310.jpg"},{"title":"SEVEN UP zero botella 2 lt","price":"1,19 €","pricePerUnit":"(0,60 €/l.)","imgUrl":"https://s0.dia.es/medias/hf2/hf8/9659742879774.jpg"},{"title":"SPRITE botella 2 lt","price":"1,19 €","pricePerUnit":"(0,60 €/l.)","imgUrl":"https://s1.dia.es/medias/hca/h46/9651358007326.jpg"},{"title":"SPRITE fresh lata 33 cl","price":"0,40 €","pricePerUnit":"(1,21 €/l.)","imgUrl":"https://s0.dia.es/medias/hb2/hc5/9680427876382.jpg"}]},"sabores":{"categoryUrl":"/compra-online/productos/bebidas/refrescos/sabores/c/WEB.008.060.00422","products":[{"title":"ALO DRINK bebida de aloe vera con mango botella 50 cl","price":"1,89 €","pricePerUnit":"(3,78 €/l.)","imgUrl":"https://s2.dia.es/medias/h23/h25/9163780947998.jpg"},{"title":"ALO DRINK bebida de aloe vera con pomelo y limón botella 50 cl","price":"1,89 €","pricePerUnit":"(3,78 €/l.)","imgUrl":"https://s1.dia.es/medias/h54/ha2/9163798708254.jpg"},{"title":"APPLETISER zumo de manzana burbuja fina lata 25 cl","price":"0,68 €","pricePerUnit":"(2,72 €/l.)","imgUrl":"https://s0.dia.es/medias/h61/h97/9680407494686.jpg"},{"title":"DIA naranja y zanahoria sin gas botella 1.5 lt","price":"0,95 €","pricePerUnit":"(0,63 €/l.)","imgUrl":"https://s0.dia.es/medias/h71/hf6/9276001419294.jpg"},{"title":"DIA refresco sin gas manzana botella 1.5 lt","price":"0,73 €","pricePerUnit":"(0,49 €/l.)","imgUrl":"https://s2.dia.es/medias/h27/hcb/9642260922398.jpg"},{"title":"TRINA tropical botella 1.5 lt","price":"1,39 €","pricePerUnit":"(0,93 €/l.)","imgUrl":"https://s3.dia.es/medias/h4c/hac/9648403021854.jpg"}]},"bitter":{"categoryUrl":"/compra-online/productos/bebidas/refrescos/bitter/c/WEB.008.060.00416","products":[{"title":"DIA bitter lata 25 cl","price":"0,33 €","pricePerUnit":"(1,32 €/l.)","imgUrl":"https://s3.dia.es/medias/hce/h70/8823268868126.png"},{"title":"KAS bitter lata 33 cl","price":"0,70 €","pricePerUnit":"(2,12 €/l.)","imgUrl":"https://s0.dia.es/medias/hf3/he9/9659823718430.jpg"},{"title":"KAS Bitter pack 6 botellas 20 cl","price":"4,05 €","pricePerUnit":"(3,38 €/l.)","imgUrl":"https://s0.dia.es/medias/h4d/hfd/9659796553758.jpg"}]},"te":{"categoryUrl":"/compra-online/productos/bebidas/refrescos/te/c/WEB.008.060.00423","products":[{"title":"DIA refresco de te al limón botella 1.5 lt","price":"0,67 €","pricePerUnit":"(0,45 €/l.)","imgUrl":"https://s2.dia.es/medias/hdb/h06/9642265575454.jpg"},{"title":"DIA refresco de te al limón light botella 1.5 lt","price":"0,67 €","pricePerUnit":"(0,45 €/l.)","imgUrl":"https://s2.dia.es/medias/h2d/hc4/8977029464094.jpg"},{"title":"DIA refresco de te al melocoton botella 1.5 lt","price":"0,72 €","pricePerUnit":"(0,48 €/l.)","imgUrl":"https://s0.dia.es/medias/h85/h67/9642261250078.jpg"},{"title":"MAY TEA refresco de té negro y melocotón botella 1 lt","price":"1,49 €","pricePerUnit":"(1,49 €/l.)","imgUrl":"https://s0.dia.es/medias/h74/hd3/9388892553246.jpg"},{"title":"MAY TEA refresco de té verde y menta botella 1 lt","price":"1,49 €","pricePerUnit":"(1,49 €/l.)","imgUrl":"https://s1.dia.es/medias/h2a/h46/9388830425118.jpg"},{"title":"NESTEA refresco de te al limón botella 1.5 lt","price":"1,49 €","pricePerUnit":"(0,99 €/l.)","imgUrl":"https://s2.dia.es/medias/hbf/hc4/9680429187102.jpg"},{"title":"NESTEA refresco de te al limón light botella 1.5 lt","price":"1,49 €","pricePerUnit":"(0,99 €/l.)","imgUrl":"https://s1.dia.es/medias/h56/h8e/9680319971358.jpg"},{"title":"NESTEA refresco de té al limón botella 50 cl","price":"1,05 €","pricePerUnit":"(2,10 €/l.)","imgUrl":"https://s1.dia.es/medias/h4a/h3b/9680319119390.jpg"},{"title":"NESTEA refresco de té al limón lata 33 cl","price":"0,63 €","pricePerUnit":"(1,91 €/l.)","imgUrl":"https://s0.dia.es/medias/h09/h50/9652409729054.jpg"},{"title":"NESTEA refresco de té al limón sin azúcar lata 33 cl","price":"0,63 €","pricePerUnit":"(1,91 €/l.)","imgUrl":"https://s1.dia.es/medias/h37/h0c/9680433446942.jpg"}]},"tonica-y-ginger-ale":{"categoryUrl":"/compra-online/productos/bebidas/refrescos/tonica-y-ginger-ale/c/WEB.008.060.00424","products":[{"title":"DIA DELICIOUS tónica ginger cardamomo pack 6 botellas 20 cl","price":"2,49 €","pricePerUnit":"(2,08 €/l.)","imgUrl":"https://s1.dia.es/medias/hd8/h9f/8823911153694.png"},{"title":"DIA DELICIOUS tónica pimienta rosa pack 6 botellas 20 cl","price":"2,49 €","pricePerUnit":"(2,08 €/l.)","imgUrl":"https://s3.dia.es/medias/ha3/hc6/9394929565726.jpg"},{"title":"DIA tónica lata 33 cl","price":"0,23 €","pricePerUnit":"(0,70 €/l.)","imgUrl":"https://s2.dia.es/medias/h35/he8/8822380265502.png"},{"title":"NORDIC MIST tónica lata 25 cl","price":"0,49 €","pricePerUnit":"(1,96 €/l.)","imgUrl":"https://s2.dia.es/medias/h40/hd9/9680394256414.jpg"},{"title":"ORIGINAL tónica citrus pack 4 botellas 20 cl","price":"5,60 €","pricePerUnit":"(7,00 €/l.)","imgUrl":"https://s1.dia.es/medias/h6d/h81/9327527723038.jpg"},{"title":"SCHWEPPES ginger ale botella 25 cl","price":"0,75 €","pricePerUnit":"(3,00 €/l.)","imgUrl":"https://s3.dia.es/medias/h89/hce/9141991800862.jpg"},{"title":"SCHWEPPES Premium tónica&hibiscus botella 20 cl","price":"1,50 €","pricePerUnit":"(7,50 €/l.)","imgUrl":"https://s3.dia.es/medias/h46/ha2/9142061203486.jpg"},{"title":"SCHWEPPES tónica botella 1 lt","price":"1,68 €","pricePerUnit":"(1,68 €/l.)","imgUrl":"https://s3.dia.es/medias/hf9/h6b/9678776172574.jpg"},{"title":"SCHWEPPES tónica botella 25 cl","price":"0,75 €","pricePerUnit":"(3,00 €/l.)","imgUrl":"https://s3.dia.es/medias/hba/hb0/9026390753310.jpg"},{"title":"SCHWEPPES tónica lata 25 cl","price":"0,52 €","pricePerUnit":"(2,08 €/l.)","imgUrl":"https://s3.dia.es/medias/hd5/h6d/9678750810142.jpg"},{"title":"SCHWEPPES tónica lata 33 cl","price":"0,68 €","pricePerUnit":"(2,06 €/l.)","imgUrl":"https://s2.dia.es/medias/h41/h25/9678774861854.jpg"},{"title":"SCHWEPPES tónica y pimienta rosa botella 20 cl","price":"1,50 €","pricePerUnit":"(7,50 €/l.)","imgUrl":"https://s2.dia.es/medias/h75/h31/9642256662558.jpg"},{"title":"SCHWEPPES zero tónica lata 33 cl","price":"0,68 €","pricePerUnit":"(2,06 €/l.)","imgUrl":"https://s0.dia.es/medias/h06/h23/9114699628574.jpg"}]},"bebidas-de-frutas":{"categoryUrl":"/compra-online/productos/bebidas/refrescos/bebidas-de-frutas/c/WEB.008.060.00425","products":[{"title":"ADES bebida almendra de leyenda con mango y maracuyá botella 250 ml","price":"1,09 €","pricePerUnit":"(4,36 €/l.)","imgUrl":"https://s0.dia.es/medias/hc7/h92/9652725121054.jpg"},{"title":"ALO DRINK bebida de aloe vera con mango botella 50 cl","price":"1,89 €","pricePerUnit":"(3,78 €/l.)","imgUrl":"https://s2.dia.es/medias/h23/h25/9163780947998.jpg"},{"title":"ALO DRINK bebida de aloe vera con pomelo y limón botella 50 cl","price":"1,89 €","pricePerUnit":"(3,78 €/l.)","imgUrl":"https://s1.dia.es/medias/h54/ha2/9163798708254.jpg"},{"title":"BIFRUTAS PASCUAL bebida con leche ibiza zero pack 3 unidades 330 ml","price":"1,78 €","pricePerUnit":"(1,80 €/l.)","imgUrl":"https://s0.dia.es/medias/h7d/hb0/9643517313054.jpg"},{"title":"BIFRUTAS PASCUAL bebida con leche mediterráneo zero pack 3 unidades 330 ml","price":"1,78 €","pricePerUnit":"(1,80 €/l.)","imgUrl":"https://s0.dia.es/medias/ha6/h98/9643516985374.jpg"},{"title":"BIFRUTAS PASCUAL bebida con leche mediterráneo zero pack 6 unidades 200 ml","price":"1,91 €","pricePerUnit":"(1,59 €/l.)","imgUrl":"https://s3.dia.es/medias/h05/h42/9333290467358.jpg"},{"title":"BIFRUTAS PASCUAL bebida con leche pacífico zero pack 3 unidades 330 ml","price":"1,78 €","pricePerUnit":"(1,80 €/l.)","imgUrl":"https://s3.dia.es/medias/h42/hb7/9643513708574.jpg"},{"title":"BIFRUTAS PASCUAL bebida con leche tropical envase 1 lt","price":"1,68 €","pricePerUnit":"(1,68 €/l.)","imgUrl":"https://s1.dia.es/medias/h89/hb9/8910197358622.jpg"},{"title":"BIFRUTAS PASCUAL bebida con leche tropical pack 3 unidades 330 ml","price":"1,78 €","pricePerUnit":"(1,80 €/l.)","imgUrl":"https://s1.dia.es/medias/h56/hba/9071766110238.jpg"},{"title":"BIFRUTAS PASCUAL bebida con leche tropical pack 6 unidades 200 ml","price":"1,91 €","pricePerUnit":"(1,59 €/l.)","imgUrl":"https://s3.dia.es/medias/h22/h22/9333265891358.jpg"},{"title":"BIFRUTAS PASCUAL bebida con leche tropical zero envase 1 lt","price":"1,68 €","pricePerUnit":"(1,68 €/l.)","imgUrl":"https://s1.dia.es/medias/h8b/h33/8957692903454.png"},{"title":"BIFRUTAS PASCUAL bebida con leche tropical zero pack 3 unidades 330 ml","price":"1,78 €","pricePerUnit":"(1,80 €/l.)","imgUrl":"https://s1.dia.es/medias/h52/hf1/9643517640734.jpg"},{"title":"BIFRUTAS PASCUAL bebida con leche tropical zero pack 6 unidades 200 ml","price":"1,91 €","pricePerUnit":"(1,59 €/l.)","imgUrl":"https://s1.dia.es/medias/h68/h27/9333271789598.jpg"},{"title":"BIFRUTAS PASCUAL bebida con leche, fresa y plátano pack 6 unidades 200 ml","price":"1,91 €","pricePerUnit":"(1,59 €/l.)","imgUrl":"https://s0.dia.es/medias/hb7/h85/9520155983902.jpg"},{"title":"DIA bebida de frutas con leche caribe pack 3 unidades 33 cl","price":"0,79 €","pricePerUnit":"(0,80 €/l.)","imgUrl":"https://s1.dia.es/medias/h12/hc1/8823835131934.png"},{"title":"DIA bebida de frutas con leche caribe pack 6 unidades 200 ml","price":"0,83 €","pricePerUnit":"(0,69 €/l.)","imgUrl":"https://s2.dia.es/medias/h7b/h67/9158841008158.jpg"},{"title":"DIA bebida de frutas con leche mediterráneo envase 1 lt","price":"0,70 €","pricePerUnit":"(0,70 €/l.)","imgUrl":"https://s2.dia.es/medias/h6f/h9b/9141999796254.jpg"},{"title":"DIA bebida de frutas con leche mediterráneo pack 3 unidades 33 cl","price":"0,79 €","pricePerUnit":"(0,80 €/l.)","imgUrl":"https://s1.dia.es/medias/h00/h56/8823862919198.png"},{"title":"DIA bebida de frutas con leche melocotón y albaricoque pack 3 unidades 33 cl","price":"0,69 €","pricePerUnit":"(0,70 €/l.)","imgUrl":"https://s0.dia.es/medias/h6f/h13/8823219060766.png"},{"title":"DIA bebida de frutas con leche tropical envase 1 lt","price":"0,59 €","pricePerUnit":"(0,59 €/l.)","imgUrl":"https://s2.dia.es/medias/h86/h8b/9004930662430.jpg"},{"title":"DIA bebida de frutas con leche tropical pack 3 unidades 33 cl","price":"0,69 €","pricePerUnit":"(0,70 €/l.)","imgUrl":"https://s1.dia.es/medias/h34/ha1/8823083794462.png"},{"title":"DIA bebida de frutas con leche tropical pack 6 unidades 200 ml","price":"0,84 €","pricePerUnit":"(0,70 €/l.)","imgUrl":"https://s0.dia.es/medias/he0/h8c/8823974592542.png"},{"title":"DON SIMON bebida de frutas con leche mediterráneo zero pack 6 unidadades 200 ml","price":"1,20 €","pricePerUnit":"(1,00 €/l.)","imgUrl":"https://s2.dia.es/medias/h78/h42/9497446547486.jpg"},{"title":"DON SIMON Funciona bebida de frutas con leche caribe zero envase 1 lt","price":"1,00 €","pricePerUnit":"(1,00 €/l.)","imgUrl":"https://s0.dia.es/medias/hac/h3d/9497441304606.jpg"},{"title":"DON SIMON Funciona bebida de frutas con leche caribe zero pack 6 unidades 200 ml","price":"1,20 €","pricePerUnit":"(1,00 €/l.)","imgUrl":"https://s0.dia.es/medias/h7a/hb6/9637941641246.jpg"}]},"refrigerados":{"categoryUrl":"/compra-online/productos/bebidas/refrescos/refrigerados/c/WEB.008.060.00421","products":[{"title":"ALPRO Caffé con almendras vaso 200 ml","price":"1,35 €","pricePerUnit":"(6,55 €/Kg.)","imgUrl":"https://s3.dia.es/medias/h2c/h8d/9647436038174.jpg"},{"title":"ALPRO Caffé con avena vaso 200 ml","price":"1,49 €","pricePerUnit":"(7,23 €/l.)","imgUrl":"https://s1.dia.es/medias/h38/h53/9647338061854.jpg"},{"title":"ALPRO Caffé soja con caramelo vaso 200 ml","price":"1,35 €","pricePerUnit":"(6,55 €/Kg.)","imgUrl":"https://s0.dia.es/medias/hff/h62/9647325610014.jpg"},{"title":"KAIKU Caffé latte cappuccino vaso 230 ml","price":"1,35 €","pricePerUnit":"(5,87 €/l.)","imgUrl":"https://s1.dia.es/medias/h55/h5e/9550787018782.jpg"},{"title":"KAIKU Caffé latte descafeinado vaso 230 ml","price":"1,35 €","pricePerUnit":"(5,87 €/l.)","imgUrl":"https://s3.dia.es/medias/h36/h42/9608687616030.jpg"},{"title":"KAIKU Caffé latte espresso vaso 230 ml","price":"1,35 €","pricePerUnit":"(5,87 €/l.)","imgUrl":"https://s0.dia.es/medias/hb7/hf7/9565967745054.jpg"},{"title":"KAIKU Caffé latte light vaso 230 ml","price":"1,35 €","pricePerUnit":"(5,87 €/l.)","imgUrl":"https://s0.dia.es/medias/h3a/hed/9566071816222.jpg"},{"title":"KAIKU Caffé latte macchiato vaso 230 ml","price":"1,35 €","pricePerUnit":"(5,87 €/l.)","imgUrl":"https://s2.dia.es/medias/h57/hbf/9565994352670.jpg"},{"title":"NESCAFE latte espresso vaso 190 ml","price":"1,29 €","pricePerUnit":"(6,79 €/l.)","imgUrl":"https://s1.dia.es/medias/hc7/h5f/9619027525662.jpg"},{"title":"NESCAFE Shakissimo sabor latte capuccino vaso 190 ml","price":"1,25 €","pricePerUnit":"(6,58 €/l.)","imgUrl":"https://s1.dia.es/medias/h18/h59/9619051905054.jpg"},{"title":"NESCAFE Shakissimo sabor latte cokkies vaso 190 ml","price":"1,29 €","pricePerUnit":"(6,79 €/l.)","imgUrl":"https://s3.dia.es/medias/h7a/h2b/9618999869470.jpg"},{"title":"NESTLE NESQUIK batido cacao shake vaso 180 ml","price":"1,29 €","pricePerUnit":"(7,17 €/l.)","imgUrl":"https://s3.dia.es/medias/hde/h8b/9619011010590.jpg"},{"title":"STARBUCKS café capuccino vaso 220 ml","price":"1,69 €","pricePerUnit":"(7,68 €/l.)","imgUrl":"https://s3.dia.es/medias/hba/h2c/9532114599966.jpg"},{"title":"STARBUCKS caramel macchiato vaso 220 ml","price":"1,89 €","pricePerUnit":"(8,59 €/l.)","imgUrl":"https://s1.dia.es/medias/h9f/heb/9532590915614.jpg"},{"title":"SUNNY Delight florida botella 1.25 lt","price":"1,59 €","pricePerUnit":"(1,27 €/l.)","imgUrl":"https://s2.dia.es/medias/h68/h3c/9646228996126.jpg"},{"title":"SUNNY Delight sabor california botella 1.25 lt","price":"1,65 €","pricePerUnit":"(1,32 €/l.)","imgUrl":"https://s0.dia.es/medias/h35/hd9/9646199177246.jpg"},{"title":"SUNNY Delight sabor florida 500 ml","price":"0,99 €","pricePerUnit":"(1,98 €/l.)","imgUrl":"https://s1.dia.es/medias/h5d/h26/9642316267550.jpg"},{"title":"SUNNY Delight sabor florida botella 310 ml","price":"0,75 €","pricePerUnit":"(2,42 €/l.)","imgUrl":"https://s2.dia.es/medias/h3a/h31/9646227357726.jpg"},{"title":"SUNNY Delight sabor florida pack 4 unidades 200 ml","price":"1,50 €","pricePerUnit":"(1,88 €/l.)","imgUrl":"https://s2.dia.es/medias/h14/h97/9574997327902.jpg"},{"title":"SUNNY Delight sabor frutas del bosque botella 310 ml","price":"0,75 €","pricePerUnit":"(2,42 €/l.)","imgUrl":"https://s3.dia.es/medias/h43/ha2/9574998966302.jpg"},{"title":"SUNNY Delight sabor waikiki botella 310 ml","price":"0,75 €","pricePerUnit":"(2,42 €/l.)","imgUrl":"https://s2.dia.es/medias/h1f/h2a/9574972456990.jpg"}]},"polvos-para-preparar":{"categoryUrl":"/compra-online/productos/bebidas/refrescos/polvos-para-preparar/c/WEB.008.060.00426","products":[{"title":"TANG refresco de limón en polvo sobre 30 gr","price":"0,40 €","pricePerUnit":"(13,33 €/Kg.)","imgUrl":"https://s2.dia.es/medias/hc8/h23/9593092145182.jpg"},{"title":"TANG refresco de naranja en polvo sobre 30 gr","price":"0,42 €","pricePerUnit":"(14,00 €/Kg.)","imgUrl":"https://s1.dia.es/medias/h38/h5e/9535892717598.jpg"},{"title":"TANG refresco tropical en polvo sobre 30 gr","price":"0,40 €","pricePerUnit":"(13,33 €/Kg.)","imgUrl":"https://s3.dia.es/medias/h31/h32/9462421356574.jpg"}]}},"gaseosas-y-sodas":{"name":"Gaseosasysodas","productTypes":["gaseosas-y-sodas"],"gaseosas-y-sodas":{"categoryUrl":"/compra-online/productos/bebidas/gaseosas-y-sodas/gaseosas-y-sodas/c/WEB.008.061.00427","products":[{"title":"DIA gaseosa botella 1.5 lt","price":"0,25 €","pricePerUnit":"(0,17 €/l.)","imgUrl":"https://s2.dia.es/medias/hf8/h26/9388772392990.jpg"},{"title":"GEISER gaseosa sifon 1.5 lt","price":"1,32 €","pricePerUnit":"(0,88 €/l.)","imgUrl":"https://s1.dia.es/medias/hce/h45/8939684855838.jpg"},{"title":"LA CASERA gaseosa botella 1.5 lt","price":"0,85 €","pricePerUnit":"(0,57 €/l.)","imgUrl":"https://s1.dia.es/medias/heb/h2f/9621705162782.jpg"},{"title":"LA CASERA gaseosa botella 50 cl","price":"0,56 €","pricePerUnit":"(1,12 €/l.)","imgUrl":"https://s3.dia.es/medias/h0b/h35/9642333110302.jpg"}]}},"isotonicas-y-energeticas":{"name":"Isotónicasyenergéticas","productTypes":["isotonicas","energeticas"],"isotonicas":{"categoryUrl":"/compra-online/productos/bebidas/isotonicas-y-energeticas/isotonicas/c/WEB.008.062.00428","products":[{"title":"AQUARIUS bebida refrescante aromatizada limón botella 1.5 lt","price":"1,55 €","pricePerUnit":"(1,03 €/l.)","imgUrl":"https://s0.dia.es/medias/hca/hec/9652750221342.jpg"},{"title":"AQUARIUS bebida refrescante aromatizada limón botella 50 cl","price":"1,03 €","pricePerUnit":"(2,06 €/l.)","imgUrl":"https://s1.dia.es/medias/hb5/h1c/9680497868830.jpg"},{"title":"AQUARIUS bebida refrescante aromatizada limón lata 33 cl","price":"0,69 €\n\t\t\t\t\t\t\t0,61 €","pricePerUnit":"(2,09 €/l.)\n\t\t\t\t\t\t\t (1,85 €/l.)","imgUrl":"https://s2.dia.es/medias/h9c/h6e/9680383574046.jpg"},{"title":"AQUARIUS bebida refrescante aromatizada limón pack 2 botellas 1.5 lt","price":"2,98 €","pricePerUnit":"(0,99 €/l.)","imgUrl":"https://s0.dia.es/medias/hf5/hd5/9680386588702.jpg"},{"title":"AQUARIUS bebida refrescante aromatizada limón pack 9 latas 33 cl","price":"5,94 €","pricePerUnit":"(2,00 €/l.)","imgUrl":"https://s0.dia.es/medias/h29/h42/9680441770014.jpg"},{"title":"AQUARIUS bebida refrescante aromatizada naranja botella 1.5 lt","price":"1,55 €","pricePerUnit":"(1,03 €/l.)","imgUrl":"https://s2.dia.es/medias/h20/h21/9680438820894.jpg"},{"title":"AQUARIUS bebida refrescante aromatizada naranja lata 33 cl","price":"0,69 €\n\t\t\t\t\t\t\t0,61 €","pricePerUnit":"(2,09 €/l.)\n\t\t\t\t\t\t\t (1,85 €/l.)","imgUrl":"https://s0.dia.es/medias/h43/hcd/9680322920478.jpg"},{"title":"AQUARIUS bebida refrescante aromatizada naranja pack 2 botellas 1.5 lt","price":"2,98 €","pricePerUnit":"(0,99 €/l.)","imgUrl":"https://s2.dia.es/medias/h29/h10/9680425254942.jpg"},{"title":"AQUARIUS bebida refrescante aromatizada naranja pack 9 latas 33 cl","price":"5,94 €","pricePerUnit":"(2,00 €/l.)","imgUrl":"https://s1.dia.es/medias/hc4/h9d/9680403890206.jpg"},{"title":"AQUARIUS Zero bebida refrescante aromatizada limón botella 1.5 lt","price":"1,55 €","pricePerUnit":"(1,03 €/l.)","imgUrl":"https://s1.dia.es/medias/h6d/h8b/9680323248158.jpg"},{"title":"AQUARIUS Zero bebida refrescante aromatizada naranja botella 1.5 lt","price":"1,55 €","pricePerUnit":"(1,03 €/l.)","imgUrl":"https://s2.dia.es/medias/hec/h8f/9680322592798.jpg"},{"title":"DIA bebida refrescante aromatizada azul botella 50 cl","price":"0,45 €","pricePerUnit":"(0,90 €/l.)","imgUrl":"https://s2.dia.es/medias/h88/h80/9640392687646.jpg"},{"title":"DIA bebida refrescante aromatizada naranja botella 1.5 lt","price":"0,79 €","pricePerUnit":"(0,53 €/l.)","imgUrl":"https://s3.dia.es/medias/h3d/hf1/9362641780766.jpg"},{"title":"DIA bebida refrescante aromatizada naranja sin azúcar botella 1.5 lt","price":"0,79 €","pricePerUnit":"(0,53 €/l.)","imgUrl":"https://s1.dia.es/medias/hd3/ha4/9524451409950.jpg"},{"title":"DIA bebida refrescante aromatizada natural sin azúcar botella 1.5 lt","price":"0,79 €","pricePerUnit":"(0,53 €/l.)","imgUrl":"https://s3.dia.es/medias/h08/h0f/9524460421150.jpg"},{"title":"DIA bebida refrescante natural botella 1.5 lt","price":"0,79 €","pricePerUnit":"(0,53 €/l.)","imgUrl":"https://s1.dia.es/medias/hd4/hac/8823986651166.png"},{"title":"POWERADE bebida refrescante aromatizada ice storm botella 50 cl","price":"1,04 €","pricePerUnit":"(2,08 €/l.)","imgUrl":"https://s0.dia.es/medias/hab/h61/9680338255902.jpg"}]},"energeticas":{"categoryUrl":"/compra-online/productos/bebidas/isotonicas-y-energeticas/energeticas/c/WEB.008.062.00429","products":[{"title":"BURN bebida energetica lata 50 cl","price":"0,90 €","pricePerUnit":"(1,80 €/l.)","imgUrl":"https://s3.dia.es/medias/h50/h13/9629782147102.jpg"},{"title":"BURN bebida energética zero lata 50 cl","price":"0,90 €","pricePerUnit":"(1,80 €/l.)","imgUrl":"https://s2.dia.es/medias/h3f/h18/9629778411550.jpg"},{"title":"DIA bebida energética lata 25 cl","price":"0,38 €","pricePerUnit":"(1,52 €/l.)","imgUrl":"https://s2.dia.es/medias/hdd/h5b/9263086665758.jpg"},{"title":"DIA bebida energética lata 50 cl","price":"0,70 €","pricePerUnit":"(1,40 €/l.)","imgUrl":"https://s3.dia.es/medias/h03/hf2/8861376380958.png"},{"title":"DIA bebida energética light lata 25 cl","price":"0,37 €","pricePerUnit":"(1,48 €/l.)","imgUrl":"https://s0.dia.es/medias/h7b/hdd/9524462944286.jpg"},{"title":"MONSTER bebida energética green lata 50 cl","price":"1,29 €","pricePerUnit":"(2,58 €/l.)","imgUrl":"https://s3.dia.es/medias/hda/h94/9629889134622.jpg"},{"title":"MONSTER bebida energética lo-cal lata 50 cl","price":"1,29 €","pricePerUnit":"(2,58 €/l.)","imgUrl":"https://s2.dia.es/medias/h5c/hcc/9629889789982.jpg"},{"title":"MONSTER bebida energética ultra lata 50 cl","price":"1,29 €","pricePerUnit":"(2,58 €/l.)","imgUrl":"https://s3.dia.es/medias/h31/he1/9629840506910.jpg"},{"title":"RED BULL bebida energética lata 25 cl","price":"1,29 €","pricePerUnit":"(5,16 €/l.)","imgUrl":"https://s3.dia.es/medias/h76/h54/9359260319774.jpg"},{"title":"RED BULL bebida energética light lata 25 cl","price":"1,29 €","pricePerUnit":"(5,16 €/l.)","imgUrl":"https://s3.dia.es/medias/h93/hb6/9359275065374.jpg"},{"title":"RED BULL bebida energética maxi lata 35,5 cl","price":"1,59 €","pricePerUnit":"(4,48 €/l.)","imgUrl":"https://s2.dia.es/medias/h7e/h06/9102870282270.jpg"},{"title":"RED BULL bebida energética pack 4 latas 25 cl","price":"4,59 €","pricePerUnit":"(4,59 €/l.)","imgUrl":"https://s0.dia.es/medias/h8a/h29/9102894989342.jpg"},{"title":"RED BULL editions frutos rojos lata 25 cl","price":"1,25 €","pricePerUnit":"(5,00 €/l.)","imgUrl":"https://s2.dia.es/medias/h70/h38/9359281291294.jpg"}]}},"cervezas":{"name":"Cervezas","productTypes":["estandar","premium","especialidades","con-limon-y-otros-sabores","sin-alcohol-y-light"],"estandar":{"categoryUrl":"/compra-online/productos/bebidas/cervezas/estandar/c/WEB.008.064.00433","products":[{"title":"AMBAR cerveza rubia nacional lata 33 cl","price":"0,68 €","pricePerUnit":"(2,06 €/l.)","imgUrl":"https://s2.dia.es/medias/h57/h72/9210158841886.jpg"},{"title":"AMBAR cerveza rubia nacional pack 9 latas 33 cl","price":"6,03 €","pricePerUnit":"(2,03 €/l.)","imgUrl":"https://s2.dia.es/medias/h75/h37/9210166706206.jpg"},{"title":"AMSTEL cerveza rubia clásica nacional lata 33 cl","price":"0,36 €\n\t\t\t\t\t\t\t0,33 €","pricePerUnit":"(1,09 €/l.)\n\t\t\t\t\t\t\t (1,00 €/l.)","imgUrl":"https://s3.dia.es/medias/h13/hf5/9626417823774.jpg"},{"title":"AMSTEL cerveza rubia nacional lata 50 cl","price":"0,79 €","pricePerUnit":"(1,58 €/l.)","imgUrl":"https://s3.dia.es/medias/hb4/ha3/9626455441438.jpg"},{"title":"AMSTEL cerveza rubia nacional pack 12 latas 33 cl","price":"6,38 €","pricePerUnit":"(1,61 €/l.)","imgUrl":"https://s3.dia.es/medias/h5e/h07/9626458259486.jpg"},{"title":"AMSTEL cerveza rubia pack 6 botellas 25 cl","price":"2,40 €","pricePerUnit":"(1,60 €/l.)","imgUrl":"https://s0.dia.es/medias/h59/he7/9626432438302.jpg"},{"title":"AMSTEL Premium cerveza rubia nacional lata 33 cl","price":"0,56 €","pricePerUnit":"(1,70 €/l.)","imgUrl":"https://s1.dia.es/medias/hf3/h49/9626445447198.jpg"},{"title":"CRUZCAMPO cerveza rubia botella 1 lt","price":"1,39 €","pricePerUnit":"(1,39 €/l.)","imgUrl":"https://s0.dia.es/medias/h04/h8f/9683268698142.jpg"},{"title":"CRUZCAMPO cerveza rubia lata 33 cl","price":"0,58 €","pricePerUnit":"(1,76 €/l.)","imgUrl":"https://s3.dia.es/medias/h98/h7a/9646202454046.jpg"},{"title":"CRUZCAMPO cerveza rubia nacional lata 50 cl","price":"0,82 €","pricePerUnit":"(1,64 €/l.)","imgUrl":"https://s2.dia.es/medias/h75/h83/9626423459870.jpg"},{"title":"CRUZCAMPO cerveza rubia nacional pack 12 latas 33 cl","price":"6,59 €","pricePerUnit":"(1,66 €/l.)","imgUrl":"https://s0.dia.es/medias/hfc/h42/9646245216286.jpg"},{"title":"DIA cerveza rubia alemana lata 50 cl","price":"0,43 €","pricePerUnit":"(0,86 €/l.)","imgUrl":"https://s0.dia.es/medias/h29/h37/8821852569630.png"},{"title":"DIA cerveza rubia lager botella 1 lt","price":"0,65 €","pricePerUnit":"(0,65 €/l.)","imgUrl":"https://s2.dia.es/medias/ha0/h0b/8822027878430.png"},{"title":"DIA cerveza rubia lager lata 33 cl","price":"0,25 €","pricePerUnit":"(0,76 €/l.)","imgUrl":"https://s2.dia.es/medias/hb5/hd1/8822008348702.png"},{"title":"DIA cerveza rubia lager pack 12 latas 33 cl","price":"3,00 €","pricePerUnit":"(0,76 €/l.)","imgUrl":"https://s0.dia.es/medias/h21/hdf/8823286693918.png"},{"title":"DIA cerveza rubia lager pack 24 botellas 25 cl","price":"5,35 €","pricePerUnit":"(0,89 €/l.)","imgUrl":"https://s3.dia.es/medias/hd2/hf7/8833302364190.png"},{"title":"DIA cerveza rubia lager pack 24 latas 33 cl","price":"5,49 €","pricePerUnit":"(0,69 €/l.)","imgUrl":"https://s2.dia.es/medias/h4f/h76/8833747845150.png"},{"title":"DIA cerveza rubia lager pack 6 botellas 25 cl","price":"1,39 €","pricePerUnit":"(0,93 €/l.)","imgUrl":"https://s0.dia.es/medias/hae/h79/8822043672606.png"},{"title":"ESTRELLA DAMM cerveza rubia nacional lata 33 cl","price":"0,66 €","pricePerUnit":"(2,00 €/l.)","imgUrl":"https://s0.dia.es/medias/h3c/h76/9554402803742.jpg"},{"title":"ESTRELLA DAMM cerveza rubia nacional pack 6 botellas 25 cl","price":"3,30 €","pricePerUnit":"(2,20 €/l.)","imgUrl":"https://s2.dia.es/medias/hed/hc3/9545968222238.jpg"},{"title":"ESTRELLA GALICIA cerveza rubia nacional especial lata 33 cl","price":"0,66 €","pricePerUnit":"(2,00 €/l.)","imgUrl":"https://s1.dia.es/medias/h15/hb5/9167705767966.jpg"},{"title":"ESTRELLA GALICIA cerveza rubia nacional especial pack 10 latas 33 cl","price":"6,00 €","pricePerUnit":"(1,82 €/l.)","imgUrl":"https://s3.dia.es/medias/hf7/h60/9607961575454.jpg"},{"title":"ESTRELLA GALICIA cerveza rubia nacional especial pack 6 botellas 25 cl","price":"3,25 €","pricePerUnit":"(2,17 €/l.)","imgUrl":"https://s3.dia.es/medias/hbc/h85/9168870768670.jpg"},{"title":"MAHOU 5 ESTRELLAS cerveza lata 33 cl","price":"0,63 €","pricePerUnit":"(1,91 €/l.)","imgUrl":"https://s1.dia.es/medias/h52/h3e/9683273744414.jpg"},{"title":"MAHOU 5 ESTRELLAS cerveza pack 6 botellas x 25 cl","price":"3,26 €","pricePerUnit":"(2,17 €/l.)","imgUrl":"https://s3.dia.es/medias/h9f/h0f/9513104343070.jpg"},{"title":"MAHOU 5 ESTRELLAS cerveza rubia nacional lata 50 cl","price":"0,86 €","pricePerUnit":"(1,72 €/l.)","imgUrl":"https://s3.dia.es/medias/hb5/hc2/9263958294558.jpg"},{"title":"MAHOU 5 ESTRELLAS cerveza rubia nacional pack 12 botellas 25 cl","price":"5,80 €","pricePerUnit":"(1,93 €/l.)","imgUrl":"https://s1.dia.es/medias/hf7/ha8/9513298853918.jpg"},{"title":"MAHOU 5 ESTRELLAS cerveza rubia nacional pack 12 latas 33 cl","price":"7,35 €","pricePerUnit":"(1,86 €/l.)","imgUrl":"https://s3.dia.es/medias/hb6/hbe/9634742599710.jpg"},{"title":"MAHOU 5 ESTRELLAS cerveza rubia nacional pack 24 latas 33 cl","price":"13,59 €","pricePerUnit":"(1,72 €/l.)","imgUrl":"https://s2.dia.es/medias/hac/h2e/9136170172446.jpg"},{"title":"MAHOU CLASICA cerveza rubia botella 1 lt","price":"1,36 €","pricePerUnit":"(1,36 €/l.)","imgUrl":"https://s3.dia.es/medias/h05/h9f/9136174759966.jpg"},{"title":"MAHOU CLASICA cerveza rubia nacional lata 33 cl","price":"0,54 €","pricePerUnit":"(1,64 €/l.)","imgUrl":"https://s0.dia.es/medias/h58/hf3/9136157196318.jpg"},{"title":"MAHOU CLASICA cerveza rubia nacional lata 50 cl","price":"0,75 €","pricePerUnit":"(1,50 €/l.)","imgUrl":"https://s0.dia.es/medias/h07/h11/9136196124702.jpg"},{"title":"MAHOU CLASICA cerveza rubia nacional pack 12 botellas 25 cl","price":"4,49 €","pricePerUnit":"(1,50 €/l.)","imgUrl":"https://s0.dia.es/medias/hff/he4/9241522470942.jpg"},{"title":"MAHOU CLASICA cerveza rubia nacional pack 12 latas 33 cl","price":"6,36 €","pricePerUnit":"(1,61 €/l.)","imgUrl":"https://s3.dia.es/medias/h12/hef/9136187867166.jpg"},{"title":"MAHOU CLASICA cerveza rubia nacional pack 24 latas 33 cl","price":"11,99 €","pricePerUnit":"(1,51 €/l.)","imgUrl":"https://s0.dia.es/medias/hd4/hff/9136169844766.jpg"},{"title":"MAHOU CLASICA cerveza rubia nacional pack 6 botellas 25 cl","price":"2,57 €","pricePerUnit":"(1,71 €/l.)","imgUrl":"https://s1.dia.es/medias/he3/he3/9136186228766.jpg"},{"title":"SAN MIGUEL cerveza rubia nacional lata 33 cl","price":"0,54 €","pricePerUnit":"(1,64 €/l.)","imgUrl":"https://s1.dia.es/medias/h34/h8c/9681326669854.jpg"},{"title":"SAN MIGUEL cerveza rubia nacional lata 50 cl","price":"0,77 €","pricePerUnit":"(1,54 €/l.)","imgUrl":"https://s3.dia.es/medias/he8/hdb/9658843136030.jpg"},{"title":"SAN MIGUEL cerveza rubia nacional pack 12 latas 33 cl","price":"6,36 €","pricePerUnit":"(1,61 €/l.)","imgUrl":"https://s3.dia.es/medias/h4b/h28/9664656310302.jpg"},{"title":"SAN MIGUEL cerveza rubia nacional pack 24 latas 33 cl","price":"11,99 €","pricePerUnit":"(1,51 €/l.)","imgUrl":"https://s2.dia.es/medias/hb9/h10/9664615284766.jpg"},{"title":"SAN MIGUEL cerveza rubia nacional pack 6 botellas 25 cl","price":"2,73 €","pricePerUnit":"(1,82 €/l.)","imgUrl":"https://s1.dia.es/medias/h5c/h6d/9658957430814.jpg"},{"title":"SAN MIGUEL Fresca cerveza botella 33 cl","price":"1,02 €","pricePerUnit":"(3,09 €/l.)","imgUrl":"https://s1.dia.es/medias/hca/hc6/9136188194846.jpg"}]},"premium":{"categoryUrl":"/compra-online/productos/bebidas/cervezas/premium/c/WEB.008.064.00434","products":[{"title":"ALHAMBRA cerveza rubia nacional especial lata 33 cl","price":"0,65 €","pricePerUnit":"(1,97 €/l.)","imgUrl":"https://s1.dia.es/medias/hae/hd1/9564205973534.jpg"},{"title":"ALHAMBRA RESERVA 1925 cerveza rubia nacional pack 4 botellas 33 cl","price":"4,59 €","pricePerUnit":"(3,48 €/l.)","imgUrl":"https://s2.dia.es/medias/h79/h55/9358625701918.jpg"},{"title":"AMBAR 1900 cerveza rubia nacional botella 33 cl","price":"1,18 €","pricePerUnit":"(3,58 €/l.)","imgUrl":"https://s1.dia.es/medias/h80/h69/9210176536606.jpg"},{"title":"AMBAR EXPORT cerveza rubia nacional lata 33 cl","price":"0,87 €","pricePerUnit":"(2,64 €/l.)","imgUrl":"https://s2.dia.es/medias/h95/h62/9210153271326.jpg"},{"title":"CARLSBERG cerveza rubia danesa botella 33 cl","price":"0,91 €","pricePerUnit":"(2,76 €/l.)","imgUrl":"https://s3.dia.es/medias/ha4/h5f/9241522798622.jpg"},{"title":"CARLSBERG cerveza rubia danesa lata 33 cl","price":"0,65 €","pricePerUnit":"(1,97 €/l.)","imgUrl":"https://s3.dia.es/medias/h43/he2/9241371377694.jpg"},{"title":"CORONA cerveza botella 355 ml","price":"1,32 €","pricePerUnit":"(3,72 €/l.)","imgUrl":"https://s3.dia.es/medias/he1/h2d/9633711620126.jpg"},{"title":"DIA cerveza rubia nacional extra lata 33 cl","price":"0,40 €","pricePerUnit":"(1,21 €/l.)","imgUrl":"https://s0.dia.es/medias/hdc/h97/8822996172830.png"},{"title":"ESTRELLA GALICIA cerveza reserva especial 1906 lata 33 cl","price":"0,80 €","pricePerUnit":"(2,42 €/l.)","imgUrl":"https://s0.dia.es/medias/h12/ha6/9622835363870.jpg"},{"title":"GRIMBERGEN cerveza blanche belga botella 33 cl","price":"1,59 €","pricePerUnit":"(4,82 €/l.)","imgUrl":"https://s1.dia.es/medias/h2e/h27/9528955437086.jpg"},{"title":"GRIMBERGEN cerveza rubia belga botella 33 cl","price":"1,59 €","pricePerUnit":"(4,82 €/l.)","imgUrl":"https://s0.dia.es/medias/h0f/h1b/9553885921310.jpg"},{"title":"GRIMBERGEN cerveza rubia doble ambreé belga botella 33 cl","price":"1,59 €","pricePerUnit":"(4,82 €/l.)","imgUrl":"https://s3.dia.es/medias/h89/h48/9535950716958.jpg"},{"title":"HEINEKEN cerveza rubia botella 33 cl","price":"1,05 €","pricePerUnit":"(3,18 €/l.)","imgUrl":"https://s1.dia.es/medias/h3c/h3b/9683287310366.jpg"},{"title":"HEINEKEN cerveza rubia lata 33 cl","price":"0,63 €","pricePerUnit":"(1,91 €/l.)","imgUrl":"https://s2.dia.es/medias/h1c/h9d/9626463338526.jpg"},{"title":"HEINEKEN cerveza rubia lata 50 cl","price":"1,28 €","pricePerUnit":"(2,56 €/l.)","imgUrl":"https://s0.dia.es/medias/h0d/hec/9626453704734.jpg"},{"title":"HEINEKEN cerveza rubia pack 6 botellas 25 cl","price":"3,75 €","pricePerUnit":"(2,50 €/l.)","imgUrl":"https://s1.dia.es/medias/h71/h4a/9626449772574.jpg"},{"title":"MAHOU Maestra cerveza tostada doble lúpulo botella 33 cl","price":"1,05 €","pricePerUnit":"(3,18 €/l.)","imgUrl":"https://s1.dia.es/medias/hf3/hb6/9621628157982.jpg"},{"title":"MAHOU Maestra cerveza tostada doble lúpulo lata 33 cl","price":"0,79 €","pricePerUnit":"(2,39 €/l.)","imgUrl":"https://s1.dia.es/medias/h0c/hb9/9626419527710.jpg"},{"title":"MAHOU Maestra dunkel cerveza lager oscura botella 33 cl","price":"1,10 €","pricePerUnit":"(3,33 €/l.)","imgUrl":"https://s0.dia.es/medias/he5/h68/9523029737502.jpg"},{"title":"PAULANER cerveza rubia botella 50 cl","price":"1,39 €","pricePerUnit":"(2,78 €/l.)","imgUrl":"https://s1.dia.es/medias/h0d/hfb/9626429816862.jpg"},{"title":"SAN MIGUEL Selecta cerveza rubia nacional botella 33 cl","price":"0,85 €","pricePerUnit":"(2,58 €/l.)","imgUrl":"https://s0.dia.es/medias/h1a/h55/9167788703774.jpg"}]},"especialidades":{"categoryUrl":"/compra-online/productos/bebidas/cervezas/especialidades/c/WEB.008.064.00438","products":[{"title":"ALHAMBRA cerveza especial pack 6 botellas 25 cl","price":"2,93 €","pricePerUnit":"(1,95 €/l.)","imgUrl":"https://s2.dia.es/medias/h12/h39/9518647377950.jpg"},{"title":"ALHAMBRA cerveza roja pack 4 botellas 33 cl","price":"4,65 €","pricePerUnit":"(3,52 €/l.)","imgUrl":"https://s2.dia.es/medias/ha2/h9d/9479212105758.jpg"},{"title":"AMBAR cerveza SIN GLUTEN botella 33 cl","price":"0,89 €","pricePerUnit":"(2,70 €/l.)","imgUrl":"https://s3.dia.es/medias/h9c/hd3/8962638675998.jpg"},{"title":"AMSTEL Oro cerveza tostada lata 33 cl","price":"0,70 €","pricePerUnit":"(2,12 €/l.)","imgUrl":"https://s0.dia.es/medias/h40/he9/9626428768286.jpg"},{"title":"BUDWEISER cerveza pack 6 botellas 25 cl","price":"3,75 €","pricePerUnit":"(2,50 €/l.)","imgUrl":"https://s1.dia.es/medias/hb7/he0/9633712275486.jpg"},{"title":"CASIMIRO MAHOU cerveza ale nacional botella 375 ml","price":"2,99 €","pricePerUnit":"(7,97 €/l.)","imgUrl":"https://s0.dia.es/medias/h27/h23/9523025641502.jpg"},{"title":"CASIMIRO MAHOU cerveza de trigo nacional botella 375 ml","price":"2,99 €","pricePerUnit":"(7,97 €/l.)","imgUrl":"https://s0.dia.es/medias/h5c/ha0/9523037011998.jpg"},{"title":"CRUZCAMPO cerveza especial lata 33 cl","price":"0,60 €","pricePerUnit":"(1,82 €/l.)","imgUrl":"https://s2.dia.es/medias/h6b/h00/9626465959966.jpg"},{"title":"CRUZCAMPO cerveza gran reserva lata 33 cl","price":"0,59 €","pricePerUnit":"(1,79 €/l.)","imgUrl":"https://s0.dia.es/medias/he2/hce/9626434404382.jpg"},{"title":"DESPERADOS cerveza con tequila botella 33 cl","price":"1,39 €","pricePerUnit":"(4,21 €/l.)","imgUrl":"https://s3.dia.es/medias/he0/h0a/9626447806494.jpg"},{"title":"FRANZISKANER cerveza botella 50 cl","price":"1,25 €","pricePerUnit":"(2,50 €/l.)","imgUrl":"https://s3.dia.es/medias/hce/h14/9633697234974.jpg"},{"title":"GUINNESS cerveza lata 44 cl","price":"1,97 €","pricePerUnit":"(4,48 €/l.)","imgUrl":"https://s2.dia.es/medias/he7/h60/9615884419102.jpg"},{"title":"MAHOU 5 ESTRELLAS cerveza SIN GLUTEN botella 33 cl","price":"0,93 €","pricePerUnit":"(2,82 €/l.)","imgUrl":"https://s0.dia.es/medias/h19/h62/9198737719326.jpg"},{"title":"MAHOU 5 ESTRELLAS cerveza SIN GLUTEN lata 33 cl","price":"0,69 €","pricePerUnit":"(2,09 €/l.)","imgUrl":"https://s0.dia.es/medias/h0d/h20/9263138177054.jpg"},{"title":"MAHOU cerveza barrica botella 33 cl","price":"1,68 €","pricePerUnit":"(5,09 €/l.)","imgUrl":"https://s1.dia.es/medias/h6a/hf6/9156154916894.jpg"},{"title":"SAN MIGUEL cerveza eco pack 6 botellas 25 cl","price":"3,99 €","pricePerUnit":"(2,66 €/l.)","imgUrl":"https://s3.dia.es/medias/ha4/h7a/9198737063966.jpg"},{"title":"SOL cerveza rubia mejicana botella 33 cl","price":"1,29 €","pricePerUnit":"(3,91 €/l.)","imgUrl":"https://s1.dia.es/medias/hc3/h57/9616046522398.jpg"},{"title":"STELLA ARTOIS cerveza botella 33 cl","price":"1,19 €","pricePerUnit":"(3,61 €/l.)","imgUrl":"https://s2.dia.es/medias/h02/h06/9633678983198.jpg"},{"title":"VOLL-DAMM cerveza doble malta lata 33 cl","price":"0,78 €","pricePerUnit":"(2,36 €/l.)","imgUrl":"https://s0.dia.es/medias/h57/hc1/9545995649054.jpg"}]},"con-limon-y-otros-sabores":{"categoryUrl":"/compra-online/productos/bebidas/cervezas/con-limon-y-otros-sabores/c/WEB.008.064.00437","products":[{"title":"AMSTEL Radler cerveza sabor limón lata 33 cl","price":"0,60 €","pricePerUnit":"(1,82 €/l.)","imgUrl":"https://s0.dia.es/medias/h82/hce/9683278004254.jpg"},{"title":"AMSTEL Radler cerveza sabor limón pack 12 latas 33 cl","price":"6,49 €","pricePerUnit":"(1,64 €/l.)","imgUrl":"https://s1.dia.es/medias/h69/hb2/9662511874078.jpg"},{"title":"AMSTEL Radler cerveza sabor limón pack 6 botellas 25 cl","price":"3,19 €","pricePerUnit":"(2,13 €/l.)","imgUrl":"https://s0.dia.es/medias/h45/h38/9662489198622.jpg"},{"title":"CRUZCAMPO Shandy cerveza sabor limón lata 33 cl","price":"0,61 €\n\t\t\t\t\t\t\t0,45 €","pricePerUnit":"(1,85 €/l.)\n\t\t\t\t\t\t\t (1,36 €/l.)","imgUrl":"https://s1.dia.es/medias/hef/h37/9683277348894.jpg"},{"title":"CRUZCAMPO Shandy cerveza sabor limón pack 6 botella 25 cl","price":"2,25 €","pricePerUnit":"(1,50 €/l.)","imgUrl":"https://s3.dia.es/medias/he1/hf7/9626464649246.jpg"},{"title":"DIA Radler cerveza sabor limón lata 33 cl","price":"0,35 €","pricePerUnit":"(1,06 €/l.)","imgUrl":"https://s0.dia.es/medias/hd3/h12/9355271274526.jpg"},{"title":"DIA Shandy cerveza sabor limón lata 33 cl","price":"0,34 €","pricePerUnit":"(1,03 €/l.)","imgUrl":"https://s1.dia.es/medias/h87/h66/8823069114398.png"},{"title":"MAHOU Mixta cerveza sabor limón lata 33 cl","price":"0,58 €","pricePerUnit":"(1,76 €/l.)","imgUrl":"https://s2.dia.es/medias/h58/hf2/9016731959326.jpg"},{"title":"MAHOU Mixta cerveza sabor limón pack 6 botellas 25 cl","price":"2,14 €","pricePerUnit":"(1,43 €/l.)","imgUrl":"https://s0.dia.es/medias/h8f/hf6/9136193503262.jpg"},{"title":"MAHOU Radler cerveza sabor limón lata 33 cl","price":"0,66 €","pricePerUnit":"(2,00 €/l.)","imgUrl":"https://s1.dia.es/medias/h4f/h92/9656275140638.jpg"},{"title":"SAN MIGUEL cerveza sabor limón 0,0% alcohol lata 33 cl","price":"0,55 €","pricePerUnit":"(1,67 €/l.)","imgUrl":"https://s3.dia.es/medias/hee/h92/9668400250910.jpg"},{"title":"SAN MIGUEL cerveza sabor manzana 0,0% alcohol lata 33 cl","price":"0,55 €","pricePerUnit":"(1,67 €/l.)","imgUrl":"https://s1.dia.es/medias/h03/h29/9263962554398.jpg"}]},"sin-alcohol-y-light":{"categoryUrl":"/compra-online/productos/bebidas/cervezas/sin-alcohol-y-light/c/WEB.008.064.00436","products":[{"title":"ALHAMBRA cerveza sin alcohol botella 1 lt","price":"1,36 €","pricePerUnit":"(1,36 €/l.)","imgUrl":"https://s1.dia.es/medias/h61/h6b/9354599464990.jpg"},{"title":"AMSTEL cerveza 0,0% alcohol lata 33 cl","price":"0,54 €","pricePerUnit":"(1,64 €/l.)","imgUrl":"https://s0.dia.es/medias/hca/h72/9626432765982.jpg"},{"title":"AMSTEL cerveza 0,0% alcohol pack 6 botellas 25 cl","price":"2,14 €","pricePerUnit":"(1,43 €/l.)","imgUrl":"https://s2.dia.es/medias/h6b/h88/9626454032414.jpg"},{"title":"BUCKLER cerveza 0,0% alcohol lata 33 cl","price":"0,54 €","pricePerUnit":"(1,64 €/l.)","imgUrl":"https://s3.dia.es/medias/hf6/hff/9626417496094.jpg"},{"title":"BUCKLER cerveza 0,0% alcohol pack 6 botellas 25 cl","price":"2,32 €","pricePerUnit":"(1,55 €/l.)","imgUrl":"https://s2.dia.es/medias/hc3/hd2/9626438729758.jpg"},{"title":"DIA cerveza 0,0% alcohol lata 33 cl","price":"0,28 €","pricePerUnit":"(0,85 €/l.)","imgUrl":"https://s1.dia.es/medias/h06/h27/9102843412510.jpg"},{"title":"DIA cerveza rubia 0,0% alcohol pack 6 botellas 25 cl","price":"1,49 €","pricePerUnit":"(0,99 €/l.)","imgUrl":"https://s0.dia.es/medias/hcb/h89/9352993013790.jpg"},{"title":"ESTRELLA GALICIA cerveza 0,0% alcohol pack 6 botellas 25 cl","price":"3,09 €","pricePerUnit":"(2,06 €/l.)","imgUrl":"https://s2.dia.es/medias/h69/h32/9607954595870.jpg"},{"title":"HEINEKEN cerveza rubia 0,0% alcohol lata 33 cl","price":"0,71 €","pricePerUnit":"(2,15 €/l.)","imgUrl":"https://s1.dia.es/medias/h5d/h96/9626438402078.jpg"},{"title":"HEINEKEN cerveza rubia 0,0% alcohol pack 6 botellas 25 cl","price":"3,70 €","pricePerUnit":"(2,47 €/l.)","imgUrl":"https://s3.dia.es/medias/hd7/h78/9626420510750.jpg"},{"title":"MAHOU cerveza rubia sin alcohol lata 33 cl","price":"0,54 €","pricePerUnit":"(1,64 €/l.)","imgUrl":"https://s2.dia.es/medias/h69/hc0/9281047429150.jpg"},{"title":"MAHOU cerveza rubia sin alcohol pack 12 latas 33 cl","price":"6,05 €","pricePerUnit":"(1,53 €/l.)","imgUrl":"https://s3.dia.es/medias/h31/h63/9503220727838.jpg"},{"title":"MAHOU cerveza sin alcohol pack 6 botellas 25 cl","price":"2,16 €","pricePerUnit":"(1,44 €/l.)","imgUrl":"https://s2.dia.es/medias/hb7/h5f/9513270673438.jpg"},{"title":"MAHOU cerveza tostada 0,0% alcohol lata 33 cl","price":"0,60 €","pricePerUnit":"(1,82 €/l.)","imgUrl":"https://s2.dia.es/medias/h49/h3a/9663454478366.jpg"},{"title":"SAN MIGUEL cerveza 0,0% alcohol lata 33 cl","price":"0,54 €","pricePerUnit":"(1,64 €/l.)","imgUrl":"https://s0.dia.es/medias/hee/hb4/9136156540958.jpg"},{"title":"SAN MIGUEL cerveza 0,0% alcohol pack 6 botellas 25 cl","price":"2,48 €","pricePerUnit":"(1,65 €/l.)","imgUrl":"https://s3.dia.es/medias/h02/hb7/9136175743006.jpg"},{"title":"SAN MIGUEL cerveza sabor manzana 0,0% alcohol lata 33 cl","price":"0,55 €","pricePerUnit":"(1,67 €/l.)","imgUrl":"https://s1.dia.es/medias/h03/h29/9263962554398.jpg"}]}},"alcoholes-y-licores":{"name":"Alcoholesylicores","productTypes":["premium","anis","brandy-y-cognac","cremas","ginebra","licor","licor-sin-alcohol","orujo-y-aguardiente","pacharan-y-ponche","ron","tequila","vermouth-y-aperitivos","vodka","whisky-y-bourbon"],"premium":{"categoryUrl":"/compra-online/productos/bebidas/alcoholes-y-licores/premium/c/WEB.008.065.00438","products":[{"title":"ABSOLUT vodka botella 70 cl","price":"12,65 €","pricePerUnit":"(18,07 €/l.)","imgUrl":"https://s0.dia.es/medias/hce/h65/9613817970718.jpg"},{"title":"BACARDI ron 8 años botella 70 cl","price":"25,29 €","pricePerUnit":"(36,13 €/l.)","imgUrl":"https://s2.dia.es/medias/h46/h34/9392117514270.jpg"},{"title":"CARDHU whisky malta 12 años botella 70 cl","price":"26,37 €","pricePerUnit":"(37,67 €/l.)","imgUrl":"https://s0.dia.es/medias/h5d/hee/8847062958110.png"},{"title":"CHIVAS whisky escocés 12 años botella 70cl","price":"25,45 €","pricePerUnit":"(36,36 €/l.)","imgUrl":"https://s0.dia.es/medias/h61/h3a/9613812269086.jpg"},{"title":"DYC whisky nacional 8 años botella 70 cl","price":"11,25 €","pricePerUnit":"(16,07 €/l.)","imgUrl":"https://s0.dia.es/medias/hd6/h49/9612982616094.jpg"},{"title":"FOUR ROSES bourbon botella 70 cl","price":"15,20 €","pricePerUnit":"(21,71 €/l.)","imgUrl":"https://s0.dia.es/medias/h87/hac/9613819281438.jpg"},{"title":"GREY GOOSE vodka botella 70 cl","price":"49,44 €","pricePerUnit":"(70,63 €/l.)","imgUrl":"https://s1.dia.es/medias/hd8/h08/9392245080094.jpg"},{"title":"HAIG CLUB whisky botella 70 cl","price":"39,18 €","pricePerUnit":"(55,97 €/l.)","imgUrl":"https://s3.dia.es/medias/h4a/h06/8848971694110.jpg"},{"title":"HAVANA CLUB ron añejo botella 70 cl","price":"20,95 €","pricePerUnit":"(29,93 €/l.)","imgUrl":"https://s1.dia.es/medias/h52/h50/9613820919838.jpg"},{"title":"JOHNNIE WALKER whisky black label botella 70 cl","price":"24,49 €","pricePerUnit":"(34,99 €/l.)","imgUrl":"https://s3.dia.es/medias/h01/h58/8872633270302.png"},{"title":"JOHNNIE WALKER whisky double black botella 70 cl","price":"27,76 €","pricePerUnit":"(39,66 €/l.)","imgUrl":"https://s1.dia.es/medias/h39/h8f/8980202487838.jpg"},{"title":"LARIOS 12 ginebra botella 70 cl","price":"13,29 €","pricePerUnit":"(18,99 €/l.)","imgUrl":"https://s1.dia.es/medias/h4b/h2b/9612975669278.jpg"},{"title":"LARIOS rose ginebra botella 70 cl","price":"13,29 €","pricePerUnit":"(18,99 €/l.)","imgUrl":"https://s3.dia.es/medias/h49/hc4/9612927762462.jpg"},{"title":"MUMM brut cordon rouge champange botella 75 cl","price":"33,84 €","pricePerUnit":"(45,12 €/l.)","imgUrl":"https://s3.dia.es/medias/h10/hb4/9506604318750.jpg"},{"title":"PLYMOUTH GIN ginebra botella 70 cl","price":"30,45 €","pricePerUnit":"(43,50 €/l.)","imgUrl":"https://s2.dia.es/medias/h49/h46/9613797195806.jpg"},{"title":"RUAVIEJA licor de té con jengibre botella 70 cl","price":"9,99 €","pricePerUnit":"(14,27 €/l.)","imgUrl":"https://s3.dia.es/medias/h23/h56/9546639474718.jpg"},{"title":"SANTA TERESA ron 1796 botella 70 cl","price":"45,99 €","pricePerUnit":"(65,70 €/l.)","imgUrl":"https://s3.dia.es/medias/h60/hbc/9392220176414.jpg"},{"title":"STAR OF BOMBAY ginebra botella 70 cl","price":"35,70 €","pricePerUnit":"(51,00 €/l.)","imgUrl":"https://s3.dia.es/medias/h4d/h8a/9641233809438.jpg"},{"title":"TANQUERAY ginebra rangpur botella 70 cl","price":"20,41 €","pricePerUnit":"(29,16 €/l.)","imgUrl":"https://s0.dia.es/medias/hf8/ha0/9382214762526.jpg"}]},"anis":{"categoryUrl":"/compra-online/productos/bebidas/alcoholes-y-licores/anis/c/WEB.008.065.00439","products":[{"title":"CASTELLANA anís dulce botella 70 cl","price":"7,60 €","pricePerUnit":"(10,86 €/l.)","imgUrl":"https://s3.dia.es/medias/hee/h8c/8819108511774.png"},{"title":"CHINCHÓN anís dulce botella 1 lt","price":"9,79 €","pricePerUnit":"(9,79 €/l.)","imgUrl":"https://s1.dia.es/medias/h4f/hb8/9123080929310.jpg"},{"title":"ESTEPA anís dulce botella 1 lt","price":"5,84 €","pricePerUnit":"(5,84 €/l.)","imgUrl":"https://s2.dia.es/medias/h45/haf/8822490365982.png"},{"title":"MONO anís dulce botella 70 cl","price":"7,85 €","pricePerUnit":"(11,21 €/l.)","imgUrl":"https://s0.dia.es/medias/h15/hf6/9193177808926.jpg"}]},"brandy-y-cognac":{"categoryUrl":"/compra-online/productos/bebidas/alcoholes-y-licores/brandy-y-cognac/c/WEB.008.065.00440","products":[{"title":"CARDENAL MENDOZA brandy botella 70 cl","price":"24,05 €","pricePerUnit":"(34,36 €/l.)","imgUrl":"https://s2.dia.es/medias/hd4/h83/9325022773278.jpg"},{"title":"CARLOS I brandy botella 70 cl","price":"28,90 €","pricePerUnit":"(41,29 €/l.)","imgUrl":"https://s1.dia.es/medias/h8b/h45/9148408234014.jpg"},{"title":"GLADIADOR brandy botella 1 lt","price":"5,75 €","pricePerUnit":"(5,75 €/l.)","imgUrl":"https://s2.dia.es/medias/hef/h22/8823755964446.png"},{"title":"MAGNO brandy botella 70 cl","price":"10,95 €","pricePerUnit":"(15,64 €/l.)","imgUrl":"https://s3.dia.es/medias/hf6/hcb/9193166012446.jpg"},{"title":"SOBERANO brandy botella 70 cl","price":"6,99 €","pricePerUnit":"(9,99 €/l.)","imgUrl":"https://s0.dia.es/medias/h2c/h4b/8862802771998.jpg"},{"title":"TERRY 1900 brandy botella 70 cl","price":"10,74 €","pricePerUnit":"(15,34 €/l.)","imgUrl":"https://s0.dia.es/medias/ha0/haf/9677941702686.jpg"},{"title":"TERRY CENTENARIO brandy botella 1 lt","price":"8,99 €","pricePerUnit":"(8,99 €/l.)","imgUrl":"https://s2.dia.es/medias/ha8/h88/9612989956126.jpg"},{"title":"VETERANO brandy botella 1 lt","price":"8,99 €\n\t\t\t\t\t\t\t8,49 €","pricePerUnit":"(8,99 €/l.)\n\t\t\t\t\t\t\t (8,49 €/l.)","imgUrl":"https://s0.dia.es/medias/h52/h6a/9266845679646.jpg"},{"title":"VETERANO brandy naranja botella 70 cl","price":"9,82 €","pricePerUnit":"(14,03 €/l.)","imgUrl":"https://s0.dia.es/medias/h40/h5c/9156103143454.jpg"}]},"cremas":{"categoryUrl":"/compra-online/productos/bebidas/alcoholes-y-licores/cremas/c/WEB.008.065.00441","products":[{"title":"BAILEYS crema whisky de almendras botella 70 cl","price":"18,99 €","pricePerUnit":"(27,13 €/l.)","imgUrl":"https://s1.dia.es/medias/h3e/h5e/9537667039262.jpg"},{"title":"BAILEYS crema whisky irlandesa botella 70 cl","price":"12,39 €","pricePerUnit":"(17,70 €/l.)","imgUrl":"https://s1.dia.es/medias/h62/hb6/8847949266974.jpg"},{"title":"CASTLE LOAN licor de crema de whsiky botella 70 cl","price":"4,83 €","pricePerUnit":"(6,90 €/l.)","imgUrl":"https://s3.dia.es/medias/ha0/h01/9524457144350.jpg"},{"title":"CERCHAR crema de orujo botella 70 cl","price":"5,69 €","pricePerUnit":"(8,13 €/l.)","imgUrl":"https://s1.dia.es/medias/h96/h5c/8822514483230.png"},{"title":"PANIZO crema de orujo botella 70 cl","price":"7,36 €","pricePerUnit":"(10,51 €/l.)","imgUrl":"https://s2.dia.es/medias/hfe/h7f/8906841686046.jpg"}]},"ginebra":{"categoryUrl":"/compra-online/productos/bebidas/alcoholes-y-licores/ginebra/c/WEB.008.065.00444","products":[{"title":"AMPERSAND ginebra pink botella 70 cl","price":"15,23 €","pricePerUnit":"(21,76 €/l.)","imgUrl":"https://s1.dia.es/medias/h9b/hd1/9553300488222.jpg"},{"title":"BARMONS ginebra sabor fresa botella 70 cl","price":"7,50 €","pricePerUnit":"(10,71 €/l.)","imgUrl":"https://s3.dia.es/medias/hbe/hce/9029145657374.jpg"},{"title":"BOMBAY original ginebra irlandesa botella 70 cl","price":"13,64 €","pricePerUnit":"(19,49 €/l.)","imgUrl":"https://s3.dia.es/medias/h12/hdf/9379632381982.jpg"},{"title":"G VINE ginebra floraison botella 70 cl","price":"39,95 €","pricePerUnit":"(57,07 €/l.)","imgUrl":"https://s1.dia.es/medias/h8b/h1a/9370329743390.jpg"},{"title":"GORDONS ginebra botella 1 lt","price":"11,70 €","pricePerUnit":"(11,70 €/l.)","imgUrl":"https://s3.dia.es/medias/hba/h65/8831197282334.png"},{"title":"GORDONS ginebra sin alcohol con un toque de lima limón botella 25 cl","price":"1,50 €","pricePerUnit":"(6,00 €/l.)","imgUrl":"https://s3.dia.es/medias/hd1/h9d/9402483900446.jpg"},{"title":"GORDONS ginebra sin alcohol con un toque de pomelo botella 25 cl","price":"1,49 €","pricePerUnit":"(5,96 €/l.)","imgUrl":"https://s3.dia.es/medias/h00/haf/9402437828638.jpg"},{"title":"LARIOS 12 ginebra botella 70 cl","price":"13,29 €","pricePerUnit":"(18,99 €/l.)","imgUrl":"https://s1.dia.es/medias/h4b/h2b/9612975669278.jpg"},{"title":"LARIOS ginebra citrus botella 70 cl","price":"13,29 €","pricePerUnit":"(18,99 €/l.)","imgUrl":"https://s2.dia.es/medias/h21/h12/9612971081758.jpg"},{"title":"LARIOS ginebra nacional botella 1 lt","price":"11,35 €\n\t\t\t\t\t\t\t10,85 €","pricePerUnit":"(11,35 €/l.)\n\t\t\t\t\t\t\t (10,85 €/l.)","imgUrl":"https://s0.dia.es/medias/ha7/he6/9612975341598.jpg"},{"title":"LARIOS ginebra nacional botella 70 cl","price":"8,45 €","pricePerUnit":"(12,07 €/l.)","imgUrl":"https://s0.dia.es/medias/he3/h32/9612975996958.jpg"},{"title":"LARIOS rose ginebra botella 70 cl","price":"13,29 €","pricePerUnit":"(18,99 €/l.)","imgUrl":"https://s3.dia.es/medias/h49/hc4/9612927762462.jpg"},{"title":"PLYMOUTH GIN ginebra botella 70 cl","price":"30,45 €","pricePerUnit":"(43,50 €/l.)","imgUrl":"https://s2.dia.es/medias/h49/h46/9613797195806.jpg"},{"title":"PUERTO DE INDIAS ginebra sabor fresa botella 70 cl","price":"15,70 €","pricePerUnit":"(22,43 €/l.)","imgUrl":"https://s1.dia.es/medias/h7a/hef/9158793363486.jpg"},{"title":"STAR OF BOMBAY ginebra botella 70 cl","price":"35,70 €","pricePerUnit":"(51,00 €/l.)","imgUrl":"https://s3.dia.es/medias/h4d/h8a/9641233809438.jpg"},{"title":"TANQUERAY ginebra inglesa botella 70 cl","price":"14,69 €","pricePerUnit":"(20,99 €/l.)","imgUrl":"https://s2.dia.es/medias/h32/h57/8833096646686.png"},{"title":"TANQUERAY ginebra rangpur botella 70 cl","price":"20,41 €","pricePerUnit":"(29,16 €/l.)","imgUrl":"https://s0.dia.es/medias/hf8/ha0/9382214762526.jpg"},{"title":"THE LONDON Nº1 ginebra azul botella 70 cl","price":"33,85 €","pricePerUnit":"(48,36 €/l.)","imgUrl":"https://s2.dia.es/medias/h26/h86/8980774453278.jpg"}]},"licor":{"categoryUrl":"/compra-online/productos/bebidas/alcoholes-y-licores/licor/c/WEB.008.065.00442","products":[{"title":"CERCHAR licor de hierbas botella 70 cl","price":"6,52 €","pricePerUnit":"(9,31 €/l.)","imgUrl":"https://s1.dia.es/medias/hb8/h62/8823938416670.png"},{"title":"JAGERMEISTER licor botella 70 cl","price":"13,25 €","pricePerUnit":"(18,93 €/l.)","imgUrl":"https://s0.dia.es/medias/h51/h90/9151297585182.jpg"},{"title":"LICOR 43 botella 70 cl","price":"13,19 €","pricePerUnit":"(18,84 €/l.)","imgUrl":"https://s0.dia.es/medias/h1b/hb9/9193155199006.jpg"},{"title":"PANIZO agua ardiente de orujo botella 70 cl","price":"7,42 €","pricePerUnit":"(10,60 €/l.)","imgUrl":"https://s1.dia.es/medias/h60/haf/8879560196126.png"},{"title":"PANIZO licor de hierbas botella 70 cl","price":"6,52 €","pricePerUnit":"(9,31 €/l.)","imgUrl":"https://s3.dia.es/medias/h1d/h08/8878405910558.png"},{"title":"RUAVIEJA licor de té con jengibre botella 70 cl","price":"9,99 €","pricePerUnit":"(14,27 €/l.)","imgUrl":"https://s3.dia.es/medias/h23/h56/9546639474718.jpg"}]},"licor-sin-alcohol":{"categoryUrl":"/compra-online/productos/bebidas/alcoholes-y-licores/licor-sin-alcohol/c/WEB.008.065.00443","products":[{"title":"ABSOLUT vodka botella 70 cl","price":"12,65 €","pricePerUnit":"(18,07 €/l.)","imgUrl":"https://s0.dia.es/medias/hce/h65/9613817970718.jpg"},{"title":"ALVINI vermouth blanco aperitivo botella 1 lt","price":"2,26 €","pricePerUnit":"(2,26 €/l.)","imgUrl":"https://s1.dia.es/medias/hfd/h3a/8825550209054.png"},{"title":"ALVINI vermouth rojo aperitivo botella 1 lt","price":"2,07 €","pricePerUnit":"(2,07 €/l.)","imgUrl":"https://s0.dia.es/medias/h7e/h1b/8821974269982.png"},{"title":"AMPERSAND ginebra pink botella 70 cl","price":"15,23 €","pricePerUnit":"(21,76 €/l.)","imgUrl":"https://s1.dia.es/medias/h9b/hd1/9553300488222.jpg"},{"title":"BACARDI ron 8 años botella 70 cl","price":"25,29 €","pricePerUnit":"(36,13 €/l.)","imgUrl":"https://s2.dia.es/medias/h46/h34/9392117514270.jpg"},{"title":"BACARDI ron blanco superior botella 70 cl","price":"10,99 €","pricePerUnit":"(15,70 €/l.)","imgUrl":"https://s3.dia.es/medias/he9/h35/9392193634334.jpg"},{"title":"BAILEYS crema whisky de almendras botella 70 cl","price":"18,99 €","pricePerUnit":"(27,13 €/l.)","imgUrl":"https://s1.dia.es/medias/h3e/h5e/9537667039262.jpg"},{"title":"BAILEYS crema whisky irlandesa botella 70 cl","price":"12,39 €","pricePerUnit":"(17,70 €/l.)","imgUrl":"https://s1.dia.es/medias/h62/hb6/8847949266974.jpg"},{"title":"BARMONS ginebra sabor fresa botella 70 cl","price":"7,50 €","pricePerUnit":"(10,71 €/l.)","imgUrl":"https://s3.dia.es/medias/hbe/hce/9029145657374.jpg"},{"title":"BOMBAY original ginebra irlandesa botella 70 cl","price":"13,64 €","pricePerUnit":"(19,49 €/l.)","imgUrl":"https://s3.dia.es/medias/h12/hdf/9379632381982.jpg"},{"title":"BRUGAL ron añejo botella 1 lt","price":"16,99 €\n\t\t\t\t\t\t\t16,25 €","pricePerUnit":"(16,99 €/l.)\n\t\t\t\t\t\t\t (16,25 €/l.)","imgUrl":"https://s0.dia.es/medias/h7b/h88/9612924289054.jpg"},{"title":"BRUGAL ron añejo botella 70 cl","price":"13,65 €","pricePerUnit":"(19,50 €/l.)","imgUrl":"https://s2.dia.es/medias/h93/h17/9612970426398.jpg"},{"title":"BURNED BARREL whisky blendes 3 años burned botella 70 cl","price":"4,95 €","pricePerUnit":"(7,07 €/l.)","imgUrl":"https://s2.dia.es/medias/h89/h51/9334516416542.jpg"},{"title":"CACIQUE ron añejo superior botella 1 lt","price":"16,59 €\n\t\t\t\t\t\t\t14,99 €","pricePerUnit":"(16,59 €/l.)\n\t\t\t\t\t\t\t (14,99 €/l.)","imgUrl":"https://s1.dia.es/medias/h94/h40/8834804351006.png"},{"title":"CACIQUE ron añejo superior botella 70 cl","price":"11,99 €","pricePerUnit":"(17,13 €/l.)","imgUrl":"https://s1.dia.es/medias/ha5/h13/8865932083230.jpg"},{"title":"CAPTAIN MORGAN ron botella 70 cl","price":"11,25 €","pricePerUnit":"(16,07 €/l.)","imgUrl":"https://s2.dia.es/medias/h65/ha4/8862743003166.jpg"},{"title":"CARDENAL MENDOZA brandy botella 70 cl","price":"24,05 €","pricePerUnit":"(34,36 €/l.)","imgUrl":"https://s2.dia.es/medias/hd4/h83/9325022773278.jpg"},{"title":"CARDHU whisky gold botella 70 cl","price":"25,35 €","pricePerUnit":"(36,21 €/l.)","imgUrl":"https://s1.dia.es/medias/h76/h64/9520151068702.jpg"},{"title":"CARDHU whisky malta 12 años botella 70 cl","price":"26,37 €","pricePerUnit":"(37,67 €/l.)","imgUrl":"https://s0.dia.es/medias/h5d/hee/8847062958110.png"},{"title":"CARLOS I brandy botella 70 cl","price":"28,90 €","pricePerUnit":"(41,29 €/l.)","imgUrl":"https://s1.dia.es/medias/h8b/h45/9148408234014.jpg"},{"title":"CASTELLANA anís dulce botella 70 cl","price":"7,60 €","pricePerUnit":"(10,86 €/l.)","imgUrl":"https://s3.dia.es/medias/hee/h8c/8819108511774.png"},{"title":"CASTLE LOAN licor de crema de whsiky botella 70 cl","price":"4,83 €","pricePerUnit":"(6,90 €/l.)","imgUrl":"https://s3.dia.es/medias/ha0/h01/9524457144350.jpg"},{"title":"CERCHAR crema de orujo botella 70 cl","price":"5,69 €","pricePerUnit":"(8,13 €/l.)","imgUrl":"https://s1.dia.es/medias/h96/h5c/8822514483230.png"},{"title":"CERCHAR licor de hierbas botella 70 cl","price":"6,52 €","pricePerUnit":"(9,31 €/l.)","imgUrl":"https://s1.dia.es/medias/hb8/h62/8823938416670.png"},{"title":"CHINCHÓN anís dulce botella 1 lt","price":"9,79 €","pricePerUnit":"(9,79 €/l.)","imgUrl":"https://s1.dia.es/medias/h4f/hb8/9123080929310.jpg"},{"title":"CHIVAS whisky escocés 12 años botella 70cl","price":"25,45 €","pricePerUnit":"(36,36 €/l.)","imgUrl":"https://s0.dia.es/medias/h61/h3a/9613812269086.jpg"},{"title":"DEWARS WHITE LABEL whisky escocés botella 70 cl","price":"11,79 €","pricePerUnit":"(16,84 €/l.)","imgUrl":"https://s3.dia.es/medias/h67/h63/9383844380702.jpg"},{"title":"DOUREGAL whisky escocés 5 años botella 70 cl","price":"7,55 €","pricePerUnit":"(10,79 €/l.)","imgUrl":"https://s2.dia.es/medias/hc9/h30/9334508159006.jpg"},{"title":"DYC whisky nacional 8 años botella 70 cl","price":"11,25 €","pricePerUnit":"(16,07 €/l.)","imgUrl":"https://s0.dia.es/medias/hd6/h49/9612982616094.jpg"},{"title":"DYC whisky nacional botella 1 lt","price":"11,99 €\n\t\t\t\t\t\t\t10,99 €","pricePerUnit":"(11,99 €/l.)\n\t\t\t\t\t\t\t (10,99 €/l.)","imgUrl":"https://s1.dia.es/medias/h21/hec/9612927434782.jpg"},{"title":"DYC whisky nacional botella 70 cl","price":"8,85 €","pricePerUnit":"(12,64 €/l.)","imgUrl":"https://s0.dia.es/medias/h85/h7d/9612924616734.jpg"},{"title":"ERISTOFF vodka botella 70 cl","price":"7,99 €","pricePerUnit":"(11,41 €/l.)","imgUrl":"https://s1.dia.es/medias/hc4/had/9633185988638.jpg"},{"title":"ESTEPA anís dulce botella 1 lt","price":"5,84 €","pricePerUnit":"(5,84 €/l.)","imgUrl":"https://s2.dia.es/medias/h45/haf/8822490365982.png"},{"title":"ETXEZARRA pacharán botella 1 l","price":"7,25 €","pricePerUnit":"(7,25 €/l.)","imgUrl":"https://s2.dia.es/medias/h7a/h7f/8822278029342.png"},{"title":"FOUR ROSES bourbon botella 70 cl","price":"15,20 €","pricePerUnit":"(21,71 €/l.)","imgUrl":"https://s0.dia.es/medias/h87/hac/9613819281438.jpg"},{"title":"G VINE ginebra floraison botella 70 cl","price":"39,95 €","pricePerUnit":"(57,07 €/l.)","imgUrl":"https://s1.dia.es/medias/h8b/h1a/9370329743390.jpg"},{"title":"GLADIADOR brandy botella 1 lt","price":"5,75 €","pricePerUnit":"(5,75 €/l.)","imgUrl":"https://s2.dia.es/medias/hef/h22/8823755964446.png"},{"title":"GORDONS ginebra botella 1 lt","price":"11,70 €","pricePerUnit":"(11,70 €/l.)","imgUrl":"https://s3.dia.es/medias/hba/h65/8831197282334.png"},{"title":"GORDONS ginebra sin alcohol con un toque de lima limón botella 25 cl","price":"1,50 €","pricePerUnit":"(6,00 €/l.)","imgUrl":"https://s3.dia.es/medias/hd1/h9d/9402483900446.jpg"},{"title":"GORDONS ginebra sin alcohol con un toque de pomelo botella 25 cl","price":"1,49 €","pricePerUnit":"(5,96 €/l.)","imgUrl":"https://s3.dia.es/medias/h00/haf/9402437828638.jpg"},{"title":"GREY GOOSE vodka botella 70 cl","price":"49,44 €","pricePerUnit":"(70,63 €/l.)","imgUrl":"https://s1.dia.es/medias/hd8/h08/9392245080094.jpg"},{"title":"HAIG CLUB whisky botella 70 cl","price":"39,18 €","pricePerUnit":"(55,97 €/l.)","imgUrl":"https://s3.dia.es/medias/h4a/h06/8848971694110.jpg"},{"title":"HAVANA CLUB ron añejo botella 70 cl","price":"20,95 €","pricePerUnit":"(29,93 €/l.)","imgUrl":"https://s1.dia.es/medias/h52/h50/9613820919838.jpg"},{"title":"J&B whisky escocés botella 1 lt","price":"16,95 €","pricePerUnit":"(16,95 €/l.)","imgUrl":"https://s0.dia.es/medias/hf5/hca/8866024947742.jpg"},{"title":"J&B whisky escocés botella 70 cl","price":"12,25 €\n\t\t\t\t\t\t\t10,99 €","pricePerUnit":"(17,50 €/l.)\n\t\t\t\t\t\t\t (15,70 €/l.)","imgUrl":"https://s0.dia.es/medias/ha1/h12/8865711292446.jpg"},{"title":"JAGERMEISTER licor botella 70 cl","price":"13,25 €","pricePerUnit":"(18,93 €/l.)","imgUrl":"https://s0.dia.es/medias/h51/h90/9151297585182.jpg"},{"title":"JIM BEAM whisky botella 70 cl","price":"12,45 €","pricePerUnit":"(17,79 €/l.)","imgUrl":"https://s0.dia.es/medias/h62/hda/9612921339934.jpg"},{"title":"JOHNNIE WALKER whisky black label botella 70 cl","price":"24,49 €","pricePerUnit":"(34,99 €/l.)","imgUrl":"https://s3.dia.es/medias/h01/h58/8872633270302.png"},{"title":"JOHNNIE WALKER whisky double black botella 70 cl","price":"27,76 €","pricePerUnit":"(39,66 €/l.)","imgUrl":"https://s1.dia.es/medias/h39/h8f/8980202487838.jpg"},{"title":"JOHNNIE WALKER whisky red label botella 70 cl","price":"13,25 €","pricePerUnit":"(18,93 €/l.)","imgUrl":"https://s0.dia.es/medias/h7d/h9a/8834903441438.png"},{"title":"LARIOS 12 ginebra botella 70 cl","price":"13,29 €","pricePerUnit":"(18,99 €/l.)","imgUrl":"https://s1.dia.es/medias/h4b/h2b/9612975669278.jpg"},{"title":"LARIOS ginebra citrus botella 70 cl","price":"13,29 €","pricePerUnit":"(18,99 €/l.)","imgUrl":"https://s2.dia.es/medias/h21/h12/9612971081758.jpg"},{"title":"LARIOS ginebra nacional botella 1 lt","price":"11,35 €\n\t\t\t\t\t\t\t10,85 €","pricePerUnit":"(11,35 €/l.)\n\t\t\t\t\t\t\t (10,85 €/l.)","imgUrl":"https://s0.dia.es/medias/ha7/he6/9612975341598.jpg"},{"title":"LARIOS ginebra nacional botella 70 cl","price":"8,45 €","pricePerUnit":"(12,07 €/l.)","imgUrl":"https://s0.dia.es/medias/he3/h32/9612975996958.jpg"},{"title":"LARIOS rose ginebra botella 70 cl","price":"13,29 €","pricePerUnit":"(18,99 €/l.)","imgUrl":"https://s3.dia.es/medias/h49/hc4/9612927762462.jpg"},{"title":"LICOR 43 botella 70 cl","price":"13,19 €","pricePerUnit":"(18,84 €/l.)","imgUrl":"https://s0.dia.es/medias/h1b/hb9/9193155199006.jpg"},{"title":"MAGNO brandy botella 70 cl","price":"10,95 €","pricePerUnit":"(15,64 €/l.)","imgUrl":"https://s3.dia.es/medias/hf6/hcb/9193166012446.jpg"},{"title":"MARTINI vermouth bianco botella 1 lt","price":"8,39 €","pricePerUnit":"(8,39 €/l.)","imgUrl":"https://s2.dia.es/medias/h3a/ha3/9533111205918.jpg"},{"title":"MARTINI vermouth bianco botella 1.5 lt","price":"12,29 €","pricePerUnit":"(8,19 €/l.)","imgUrl":"https://s1.dia.es/medias/hfd/h22/9392142745630.jpg"},{"title":"MARTINI vermouth rosso botella 1 lt","price":"8,39 €","pricePerUnit":"(8,39 €/l.)","imgUrl":"https://s2.dia.es/medias/hd8/hd0/9392115220510.jpg"},{"title":"MARTINI vermouth rosso botella 1.5 lt","price":"10,49 €","pricePerUnit":"(6,99 €/l.)","imgUrl":"https://s2.dia.es/medias/h75/h38/9392216244254.jpg"},{"title":"MIKANOFF vodka botella 70 cl","price":"4,39 €","pricePerUnit":"(6,27 €/l.)","imgUrl":"https://s0.dia.es/medias/h98/hab/9524455014430.jpg"},{"title":"MIKANOFF vodka caramelizado botella 70 cl","price":"4,39 €","pricePerUnit":"(6,27 €/l.)","imgUrl":"https://s0.dia.es/medias/hc6/ha4/8822967861278.png"},{"title":"MONO anís dulce botella 70 cl","price":"7,85 €","pricePerUnit":"(11,21 €/l.)","imgUrl":"https://s0.dia.es/medias/h15/hf6/9193177808926.jpg"},{"title":"MUMM brut cordon rouge champange botella 75 cl","price":"33,84 €","pricePerUnit":"(45,12 €/l.)","imgUrl":"https://s3.dia.es/medias/h10/hb4/9506604318750.jpg"},{"title":"PANIZO agua ardiente de orujo botella 70 cl","price":"7,42 €","pricePerUnit":"(10,60 €/l.)","imgUrl":"https://s1.dia.es/medias/h60/haf/8879560196126.png"},{"title":"PANIZO crema de orujo botella 70 cl","price":"7,36 €","pricePerUnit":"(10,51 €/l.)","imgUrl":"https://s2.dia.es/medias/hfe/h7f/8906841686046.jpg"},{"title":"PANIZO licor de hierbas botella 70 cl","price":"6,52 €","pricePerUnit":"(9,31 €/l.)","imgUrl":"https://s3.dia.es/medias/h1d/h08/8878405910558.png"},{"title":"PASSPORT whisky botella 70 cl","price":"11,24 €","pricePerUnit":"(16,06 €/l.)","imgUrl":"https://s3.dia.es/medias/h67/hdb/9494990815262.jpg"},{"title":"PLYMOUTH GIN ginebra botella 70 cl","price":"30,45 €","pricePerUnit":"(43,50 €/l.)","imgUrl":"https://s2.dia.es/medias/h49/h46/9613797195806.jpg"},{"title":"PUERTO DE INDIAS ginebra sabor fresa botella 70 cl","price":"15,70 €","pricePerUnit":"(22,43 €/l.)","imgUrl":"https://s1.dia.es/medias/h7a/hef/9158793363486.jpg"},{"title":"RUAVIEJA licor de té con jengibre botella 70 cl","price":"9,99 €","pricePerUnit":"(14,27 €/l.)","imgUrl":"https://s3.dia.es/medias/h23/h56/9546639474718.jpg"},{"title":"SANTA TERESA ron 1796 botella 70 cl","price":"45,99 €","pricePerUnit":"(65,70 €/l.)","imgUrl":"https://s3.dia.es/medias/h60/hbc/9392220176414.jpg"},{"title":"SMIRNOFF vodka botella 70 cl","price":"9,92 €","pricePerUnit":"(14,17 €/l.)","imgUrl":"https://s3.dia.es/medias/h00/h39/9607957217310.jpg"},{"title":"SOBERANO brandy botella 70 cl","price":"6,99 €","pricePerUnit":"(9,99 €/l.)","imgUrl":"https://s0.dia.es/medias/h2c/h4b/8862802771998.jpg"},{"title":"STAR OF BOMBAY ginebra botella 70 cl","price":"35,70 €","pricePerUnit":"(51,00 €/l.)","imgUrl":"https://s3.dia.es/medias/h4d/h8a/9641233809438.jpg"},{"title":"TANQUERAY ginebra inglesa botella 70 cl","price":"14,69 €","pricePerUnit":"(20,99 €/l.)","imgUrl":"https://s2.dia.es/medias/h32/h57/8833096646686.png"},{"title":"TANQUERAY ginebra rangpur botella 70 cl","price":"20,41 €","pricePerUnit":"(29,16 €/l.)","imgUrl":"https://s0.dia.es/medias/hf8/ha0/9382214762526.jpg"},{"title":"TERRY 1900 brandy botella 70 cl","price":"10,74 €","pricePerUnit":"(15,34 €/l.)","imgUrl":"https://s0.dia.es/medias/ha0/haf/9677941702686.jpg"},{"title":"TERRY CENTENARIO brandy botella 1 lt","price":"8,99 €","pricePerUnit":"(8,99 €/l.)","imgUrl":"https://s2.dia.es/medias/ha8/h88/9612989956126.jpg"},{"title":"THE LONDON Nº1 ginebra azul botella 70 cl","price":"33,85 €","pricePerUnit":"(48,36 €/l.)","imgUrl":"https://s2.dia.es/medias/h26/h86/8980774453278.jpg"},{"title":"VELERO ron añejo 5 años de venezuela botella 70 cl","price":"9,77 €","pricePerUnit":"(13,96 €/l.)","imgUrl":"https://s0.dia.es/medias/h17/h0d/8823181312030.png"},{"title":"VELERO ron añejo de venezuela botella 70 cl","price":"5,29 €","pricePerUnit":"(7,56 €/l.)","imgUrl":"https://s1.dia.es/medias/h9f/hb5/8822548037662.png"},{"title":"VELERO ron blanco botella 70 cl","price":"4,79 €","pricePerUnit":"(6,84 €/l.)","imgUrl":"https://s0.dia.es/medias/ha6/hf5/8822271213598.png"},{"title":"VELERO ron elixir botella 70 cl","price":"7,51 €","pricePerUnit":"(10,73 €/l.)","imgUrl":"https://s0.dia.es/medias/h53/h06/9029091000350.jpg"},{"title":"VETERANO brandy botella 1 lt","price":"8,99 €\n\t\t\t\t\t\t\t8,49 €","pricePerUnit":"(8,99 €/l.)\n\t\t\t\t\t\t\t (8,49 €/l.)","imgUrl":"https://s0.dia.es/medias/h52/h6a/9266845679646.jpg"},{"title":"VETERANO brandy naranja botella 70 cl","price":"9,82 €","pricePerUnit":"(14,03 €/l.)","imgUrl":"https://s0.dia.es/medias/h40/h5c/9156103143454.jpg"},{"title":"WILLIAM LAWSONS whisky escocés botella 70 cl","price":"7,75 €","pricePerUnit":"(11,07 €/l.)","imgUrl":"https://s3.dia.es/medias/h06/h2d/9392205758494.jpg"},{"title":"WORDENS whisky americano botella 70 cl","price":"7,51 €","pricePerUnit":"(10,73 €/l.)","imgUrl":"https://s3.dia.es/medias/hd1/hf2/9334496952350.jpg"},{"title":"YZAGUIRRE vermouth rojo clasico botella 1 lt","price":"6,85 €","pricePerUnit":"(6,85 €/l.)","imgUrl":"https://s1.dia.es/medias/hb2/h07/8865907900446.jpg"},{"title":"ZARRO vermut botella 1 lt","price":"5,75 €","pricePerUnit":"(5,75 €/l.)","imgUrl":"https://s2.dia.es/medias/hf4/h8f/9506034515998.jpg"}]},"orujo-y-aguardiente":{"categoryUrl":"/compra-online/productos/bebidas/alcoholes-y-licores/orujo-y-aguardiente/c/WEB.008.065.00445","products":[{"title":"ABSOLUT vodka botella 70 cl","price":"12,65 €","pricePerUnit":"(18,07 €/l.)","imgUrl":"https://s0.dia.es/medias/hce/h65/9613817970718.jpg"},{"title":"ALVINI vermouth blanco aperitivo botella 1 lt","price":"2,26 €","pricePerUnit":"(2,26 €/l.)","imgUrl":"https://s1.dia.es/medias/hfd/h3a/8825550209054.png"},{"title":"ALVINI vermouth rojo aperitivo botella 1 lt","price":"2,07 €","pricePerUnit":"(2,07 €/l.)","imgUrl":"https://s0.dia.es/medias/h7e/h1b/8821974269982.png"},{"title":"AMPERSAND ginebra pink botella 70 cl","price":"15,23 €","pricePerUnit":"(21,76 €/l.)","imgUrl":"https://s1.dia.es/medias/h9b/hd1/9553300488222.jpg"},{"title":"BACARDI ron 8 años botella 70 cl","price":"25,29 €","pricePerUnit":"(36,13 €/l.)","imgUrl":"https://s2.dia.es/medias/h46/h34/9392117514270.jpg"},{"title":"BACARDI ron blanco superior botella 70 cl","price":"10,99 €","pricePerUnit":"(15,70 €/l.)","imgUrl":"https://s3.dia.es/medias/he9/h35/9392193634334.jpg"},{"title":"BAILEYS crema whisky de almendras botella 70 cl","price":"18,99 €","pricePerUnit":"(27,13 €/l.)","imgUrl":"https://s1.dia.es/medias/h3e/h5e/9537667039262.jpg"},{"title":"BAILEYS crema whisky irlandesa botella 70 cl","price":"12,39 €","pricePerUnit":"(17,70 €/l.)","imgUrl":"https://s1.dia.es/medias/h62/hb6/8847949266974.jpg"},{"title":"BARMONS ginebra sabor fresa botella 70 cl","price":"7,50 €","pricePerUnit":"(10,71 €/l.)","imgUrl":"https://s3.dia.es/medias/hbe/hce/9029145657374.jpg"},{"title":"BOMBAY original ginebra irlandesa botella 70 cl","price":"13,64 €","pricePerUnit":"(19,49 €/l.)","imgUrl":"https://s3.dia.es/medias/h12/hdf/9379632381982.jpg"},{"title":"BRUGAL ron añejo botella 1 lt","price":"16,99 €\n\t\t\t\t\t\t\t16,25 €","pricePerUnit":"(16,99 €/l.)\n\t\t\t\t\t\t\t (16,25 €/l.)","imgUrl":"https://s0.dia.es/medias/h7b/h88/9612924289054.jpg"},{"title":"BRUGAL ron añejo botella 70 cl","price":"13,65 €","pricePerUnit":"(19,50 €/l.)","imgUrl":"https://s2.dia.es/medias/h93/h17/9612970426398.jpg"},{"title":"BURNED BARREL whisky blendes 3 años burned botella 70 cl","price":"4,95 €","pricePerUnit":"(7,07 €/l.)","imgUrl":"https://s2.dia.es/medias/h89/h51/9334516416542.jpg"},{"title":"CACIQUE ron añejo superior botella 1 lt","price":"16,59 €\n\t\t\t\t\t\t\t14,99 €","pricePerUnit":"(16,59 €/l.)\n\t\t\t\t\t\t\t (14,99 €/l.)","imgUrl":"https://s1.dia.es/medias/h94/h40/8834804351006.png"},{"title":"CACIQUE ron añejo superior botella 70 cl","price":"11,99 €","pricePerUnit":"(17,13 €/l.)","imgUrl":"https://s1.dia.es/medias/ha5/h13/8865932083230.jpg"},{"title":"CAPTAIN MORGAN ron botella 70 cl","price":"11,25 €","pricePerUnit":"(16,07 €/l.)","imgUrl":"https://s2.dia.es/medias/h65/ha4/8862743003166.jpg"},{"title":"CARDENAL MENDOZA brandy botella 70 cl","price":"24,05 €","pricePerUnit":"(34,36 €/l.)","imgUrl":"https://s2.dia.es/medias/hd4/h83/9325022773278.jpg"},{"title":"CARDHU whisky gold botella 70 cl","price":"25,35 €","pricePerUnit":"(36,21 €/l.)","imgUrl":"https://s1.dia.es/medias/h76/h64/9520151068702.jpg"},{"title":"CARDHU whisky malta 12 años botella 70 cl","price":"26,37 €","pricePerUnit":"(37,67 €/l.)","imgUrl":"https://s0.dia.es/medias/h5d/hee/8847062958110.png"},{"title":"CARLOS I brandy botella 70 cl","price":"28,90 €","pricePerUnit":"(41,29 €/l.)","imgUrl":"https://s1.dia.es/medias/h8b/h45/9148408234014.jpg"},{"title":"CASTELLANA anís dulce botella 70 cl","price":"7,60 €","pricePerUnit":"(10,86 €/l.)","imgUrl":"https://s3.dia.es/medias/hee/h8c/8819108511774.png"},{"title":"CASTLE LOAN licor de crema de whsiky botella 70 cl","price":"4,83 €","pricePerUnit":"(6,90 €/l.)","imgUrl":"https://s3.dia.es/medias/ha0/h01/9524457144350.jpg"},{"title":"CERCHAR crema de orujo botella 70 cl","price":"5,69 €","pricePerUnit":"(8,13 €/l.)","imgUrl":"https://s1.dia.es/medias/h96/h5c/8822514483230.png"},{"title":"CERCHAR licor de hierbas botella 70 cl","price":"6,52 €","pricePerUnit":"(9,31 €/l.)","imgUrl":"https://s1.dia.es/medias/hb8/h62/8823938416670.png"},{"title":"CHINCHÓN anís dulce botella 1 lt","price":"9,79 €","pricePerUnit":"(9,79 €/l.)","imgUrl":"https://s1.dia.es/medias/h4f/hb8/9123080929310.jpg"},{"title":"CHIVAS whisky escocés 12 años botella 70cl","price":"25,45 €","pricePerUnit":"(36,36 €/l.)","imgUrl":"https://s0.dia.es/medias/h61/h3a/9613812269086.jpg"},{"title":"DEWARS WHITE LABEL whisky escocés botella 70 cl","price":"11,79 €","pricePerUnit":"(16,84 €/l.)","imgUrl":"https://s3.dia.es/medias/h67/h63/9383844380702.jpg"},{"title":"DOUREGAL whisky escocés 5 años botella 70 cl","price":"7,55 €","pricePerUnit":"(10,79 €/l.)","imgUrl":"https://s2.dia.es/medias/hc9/h30/9334508159006.jpg"},{"title":"DYC whisky nacional 8 años botella 70 cl","price":"11,25 €","pricePerUnit":"(16,07 €/l.)","imgUrl":"https://s0.dia.es/medias/hd6/h49/9612982616094.jpg"},{"title":"DYC whisky nacional botella 1 lt","price":"11,99 €\n\t\t\t\t\t\t\t10,99 €","pricePerUnit":"(11,99 €/l.)\n\t\t\t\t\t\t\t (10,99 €/l.)","imgUrl":"https://s1.dia.es/medias/h21/hec/9612927434782.jpg"},{"title":"DYC whisky nacional botella 70 cl","price":"8,85 €","pricePerUnit":"(12,64 €/l.)","imgUrl":"https://s0.dia.es/medias/h85/h7d/9612924616734.jpg"},{"title":"ERISTOFF vodka botella 70 cl","price":"7,99 €","pricePerUnit":"(11,41 €/l.)","imgUrl":"https://s1.dia.es/medias/hc4/had/9633185988638.jpg"},{"title":"ESTEPA anís dulce botella 1 lt","price":"5,84 €","pricePerUnit":"(5,84 €/l.)","imgUrl":"https://s2.dia.es/medias/h45/haf/8822490365982.png"},{"title":"ETXEZARRA pacharán botella 1 l","price":"7,25 €","pricePerUnit":"(7,25 €/l.)","imgUrl":"https://s2.dia.es/medias/h7a/h7f/8822278029342.png"},{"title":"FOUR ROSES bourbon botella 70 cl","price":"15,20 €","pricePerUnit":"(21,71 €/l.)","imgUrl":"https://s0.dia.es/medias/h87/hac/9613819281438.jpg"},{"title":"G VINE ginebra floraison botella 70 cl","price":"39,95 €","pricePerUnit":"(57,07 €/l.)","imgUrl":"https://s1.dia.es/medias/h8b/h1a/9370329743390.jpg"},{"title":"GLADIADOR brandy botella 1 lt","price":"5,75 €","pricePerUnit":"(5,75 €/l.)","imgUrl":"https://s2.dia.es/medias/hef/h22/8823755964446.png"},{"title":"GORDONS ginebra botella 1 lt","price":"11,70 €","pricePerUnit":"(11,70 €/l.)","imgUrl":"https://s3.dia.es/medias/hba/h65/8831197282334.png"},{"title":"GORDONS ginebra sin alcohol con un toque de lima limón botella 25 cl","price":"1,50 €","pricePerUnit":"(6,00 €/l.)","imgUrl":"https://s3.dia.es/medias/hd1/h9d/9402483900446.jpg"},{"title":"GORDONS ginebra sin alcohol con un toque de pomelo botella 25 cl","price":"1,49 €","pricePerUnit":"(5,96 €/l.)","imgUrl":"https://s3.dia.es/medias/h00/haf/9402437828638.jpg"},{"title":"GREY GOOSE vodka botella 70 cl","price":"49,44 €","pricePerUnit":"(70,63 €/l.)","imgUrl":"https://s1.dia.es/medias/hd8/h08/9392245080094.jpg"},{"title":"HAIG CLUB whisky botella 70 cl","price":"39,18 €","pricePerUnit":"(55,97 €/l.)","imgUrl":"https://s3.dia.es/medias/h4a/h06/8848971694110.jpg"},{"title":"HAVANA CLUB ron añejo botella 70 cl","price":"20,95 €","pricePerUnit":"(29,93 €/l.)","imgUrl":"https://s1.dia.es/medias/h52/h50/9613820919838.jpg"},{"title":"J&B whisky escocés botella 1 lt","price":"16,95 €","pricePerUnit":"(16,95 €/l.)","imgUrl":"https://s0.dia.es/medias/hf5/hca/8866024947742.jpg"},{"title":"J&B whisky escocés botella 70 cl","price":"12,25 €\n\t\t\t\t\t\t\t10,99 €","pricePerUnit":"(17,50 €/l.)\n\t\t\t\t\t\t\t (15,70 €/l.)","imgUrl":"https://s0.dia.es/medias/ha1/h12/8865711292446.jpg"},{"title":"JAGERMEISTER licor botella 70 cl","price":"13,25 €","pricePerUnit":"(18,93 €/l.)","imgUrl":"https://s0.dia.es/medias/h51/h90/9151297585182.jpg"},{"title":"JIM BEAM whisky botella 70 cl","price":"12,45 €","pricePerUnit":"(17,79 €/l.)","imgUrl":"https://s0.dia.es/medias/h62/hda/9612921339934.jpg"},{"title":"JOHNNIE WALKER whisky black label botella 70 cl","price":"24,49 €","pricePerUnit":"(34,99 €/l.)","imgUrl":"https://s3.dia.es/medias/h01/h58/8872633270302.png"},{"title":"JOHNNIE WALKER whisky double black botella 70 cl","price":"27,76 €","pricePerUnit":"(39,66 €/l.)","imgUrl":"https://s1.dia.es/medias/h39/h8f/8980202487838.jpg"},{"title":"JOHNNIE WALKER whisky red label botella 70 cl","price":"13,25 €","pricePerUnit":"(18,93 €/l.)","imgUrl":"https://s0.dia.es/medias/h7d/h9a/8834903441438.png"},{"title":"LARIOS 12 ginebra botella 70 cl","price":"13,29 €","pricePerUnit":"(18,99 €/l.)","imgUrl":"https://s1.dia.es/medias/h4b/h2b/9612975669278.jpg"},{"title":"LARIOS ginebra citrus botella 70 cl","price":"13,29 €","pricePerUnit":"(18,99 €/l.)","imgUrl":"https://s2.dia.es/medias/h21/h12/9612971081758.jpg"},{"title":"LARIOS ginebra nacional botella 1 lt","price":"11,35 €\n\t\t\t\t\t\t\t10,85 €","pricePerUnit":"(11,35 €/l.)\n\t\t\t\t\t\t\t (10,85 €/l.)","imgUrl":"https://s0.dia.es/medias/ha7/he6/9612975341598.jpg"},{"title":"LARIOS ginebra nacional botella 70 cl","price":"8,45 €","pricePerUnit":"(12,07 €/l.)","imgUrl":"https://s0.dia.es/medias/he3/h32/9612975996958.jpg"},{"title":"LARIOS rose ginebra botella 70 cl","price":"13,29 €","pricePerUnit":"(18,99 €/l.)","imgUrl":"https://s3.dia.es/medias/h49/hc4/9612927762462.jpg"},{"title":"LICOR 43 botella 70 cl","price":"13,19 €","pricePerUnit":"(18,84 €/l.)","imgUrl":"https://s0.dia.es/medias/h1b/hb9/9193155199006.jpg"},{"title":"MAGNO brandy botella 70 cl","price":"10,95 €","pricePerUnit":"(15,64 €/l.)","imgUrl":"https://s3.dia.es/medias/hf6/hcb/9193166012446.jpg"},{"title":"MARTINI vermouth bianco botella 1 lt","price":"8,39 €","pricePerUnit":"(8,39 €/l.)","imgUrl":"https://s2.dia.es/medias/h3a/ha3/9533111205918.jpg"},{"title":"MARTINI vermouth bianco botella 1.5 lt","price":"12,29 €","pricePerUnit":"(8,19 €/l.)","imgUrl":"https://s1.dia.es/medias/hfd/h22/9392142745630.jpg"},{"title":"MARTINI vermouth rosso botella 1 lt","price":"8,39 €","pricePerUnit":"(8,39 €/l.)","imgUrl":"https://s2.dia.es/medias/hd8/hd0/9392115220510.jpg"},{"title":"MARTINI vermouth rosso botella 1.5 lt","price":"10,49 €","pricePerUnit":"(6,99 €/l.)","imgUrl":"https://s2.dia.es/medias/h75/h38/9392216244254.jpg"},{"title":"MIKANOFF vodka botella 70 cl","price":"4,39 €","pricePerUnit":"(6,27 €/l.)","imgUrl":"https://s0.dia.es/medias/h98/hab/9524455014430.jpg"},{"title":"MIKANOFF vodka caramelizado botella 70 cl","price":"4,39 €","pricePerUnit":"(6,27 €/l.)","imgUrl":"https://s0.dia.es/medias/hc6/ha4/8822967861278.png"},{"title":"MONO anís dulce botella 70 cl","price":"7,85 €","pricePerUnit":"(11,21 €/l.)","imgUrl":"https://s0.dia.es/medias/h15/hf6/9193177808926.jpg"},{"title":"MUMM brut cordon rouge champange botella 75 cl","price":"33,84 €","pricePerUnit":"(45,12 €/l.)","imgUrl":"https://s3.dia.es/medias/h10/hb4/9506604318750.jpg"},{"title":"PANIZO agua ardiente de orujo botella 70 cl","price":"7,42 €","pricePerUnit":"(10,60 €/l.)","imgUrl":"https://s1.dia.es/medias/h60/haf/8879560196126.png"},{"title":"PANIZO crema de orujo botella 70 cl","price":"7,36 €","pricePerUnit":"(10,51 €/l.)","imgUrl":"https://s2.dia.es/medias/hfe/h7f/8906841686046.jpg"},{"title":"PANIZO licor de hierbas botella 70 cl","price":"6,52 €","pricePerUnit":"(9,31 €/l.)","imgUrl":"https://s3.dia.es/medias/h1d/h08/8878405910558.png"},{"title":"PASSPORT whisky botella 70 cl","price":"11,24 €","pricePerUnit":"(16,06 €/l.)","imgUrl":"https://s3.dia.es/medias/h67/hdb/9494990815262.jpg"},{"title":"PLYMOUTH GIN ginebra botella 70 cl","price":"30,45 €","pricePerUnit":"(43,50 €/l.)","imgUrl":"https://s2.dia.es/medias/h49/h46/9613797195806.jpg"},{"title":"PUERTO DE INDIAS ginebra sabor fresa botella 70 cl","price":"15,70 €","pricePerUnit":"(22,43 €/l.)","imgUrl":"https://s1.dia.es/medias/h7a/hef/9158793363486.jpg"},{"title":"RUAVIEJA licor de té con jengibre botella 70 cl","price":"9,99 €","pricePerUnit":"(14,27 €/l.)","imgUrl":"https://s3.dia.es/medias/h23/h56/9546639474718.jpg"},{"title":"SANTA TERESA ron 1796 botella 70 cl","price":"45,99 €","pricePerUnit":"(65,70 €/l.)","imgUrl":"https://s3.dia.es/medias/h60/hbc/9392220176414.jpg"},{"title":"SMIRNOFF vodka botella 70 cl","price":"9,92 €","pricePerUnit":"(14,17 €/l.)","imgUrl":"https://s3.dia.es/medias/h00/h39/9607957217310.jpg"},{"title":"SOBERANO brandy botella 70 cl","price":"6,99 €","pricePerUnit":"(9,99 €/l.)","imgUrl":"https://s0.dia.es/medias/h2c/h4b/8862802771998.jpg"},{"title":"STAR OF BOMBAY ginebra botella 70 cl","price":"35,70 €","pricePerUnit":"(51,00 €/l.)","imgUrl":"https://s3.dia.es/medias/h4d/h8a/9641233809438.jpg"},{"title":"TANQUERAY ginebra inglesa botella 70 cl","price":"14,69 €","pricePerUnit":"(20,99 €/l.)","imgUrl":"https://s2.dia.es/medias/h32/h57/8833096646686.png"},{"title":"TANQUERAY ginebra rangpur botella 70 cl","price":"20,41 €","pricePerUnit":"(29,16 €/l.)","imgUrl":"https://s0.dia.es/medias/hf8/ha0/9382214762526.jpg"},{"title":"TERRY 1900 brandy botella 70 cl","price":"10,74 €","pricePerUnit":"(15,34 €/l.)","imgUrl":"https://s0.dia.es/medias/ha0/haf/9677941702686.jpg"},{"title":"TERRY CENTENARIO brandy botella 1 lt","price":"8,99 €","pricePerUnit":"(8,99 €/l.)","imgUrl":"https://s2.dia.es/medias/ha8/h88/9612989956126.jpg"},{"title":"THE LONDON Nº1 ginebra azul botella 70 cl","price":"33,85 €","pricePerUnit":"(48,36 €/l.)","imgUrl":"https://s2.dia.es/medias/h26/h86/8980774453278.jpg"},{"title":"VELERO ron añejo 5 años de venezuela botella 70 cl","price":"9,77 €","pricePerUnit":"(13,96 €/l.)","imgUrl":"https://s0.dia.es/medias/h17/h0d/8823181312030.png"},{"title":"VELERO ron añejo de venezuela botella 70 cl","price":"5,29 €","pricePerUnit":"(7,56 €/l.)","imgUrl":"https://s1.dia.es/medias/h9f/hb5/8822548037662.png"},{"title":"VELERO ron blanco botella 70 cl","price":"4,79 €","pricePerUnit":"(6,84 €/l.)","imgUrl":"https://s0.dia.es/medias/ha6/hf5/8822271213598.png"},{"title":"VELERO ron elixir botella 70 cl","price":"7,51 €","pricePerUnit":"(10,73 €/l.)","imgUrl":"https://s0.dia.es/medias/h53/h06/9029091000350.jpg"},{"title":"VETERANO brandy botella 1 lt","price":"8,99 €\n\t\t\t\t\t\t\t8,49 €","pricePerUnit":"(8,99 €/l.)\n\t\t\t\t\t\t\t (8,49 €/l.)","imgUrl":"https://s0.dia.es/medias/h52/h6a/9266845679646.jpg"},{"title":"VETERANO brandy naranja botella 70 cl","price":"9,82 €","pricePerUnit":"(14,03 €/l.)","imgUrl":"https://s0.dia.es/medias/h40/h5c/9156103143454.jpg"},{"title":"WILLIAM LAWSONS whisky escocés botella 70 cl","price":"7,75 €","pricePerUnit":"(11,07 €/l.)","imgUrl":"https://s3.dia.es/medias/h06/h2d/9392205758494.jpg"},{"title":"WORDENS whisky americano botella 70 cl","price":"7,51 €","pricePerUnit":"(10,73 €/l.)","imgUrl":"https://s3.dia.es/medias/hd1/hf2/9334496952350.jpg"},{"title":"YZAGUIRRE vermouth rojo clasico botella 1 lt","price":"6,85 €","pricePerUnit":"(6,85 €/l.)","imgUrl":"https://s1.dia.es/medias/hb2/h07/8865907900446.jpg"},{"title":"ZARRO vermut botella 1 lt","price":"5,75 €","pricePerUnit":"(5,75 €/l.)","imgUrl":"https://s2.dia.es/medias/hf4/h8f/9506034515998.jpg"}]},"pacharan-y-ponche":{"categoryUrl":"/compra-online/productos/bebidas/alcoholes-y-licores/pacharan-y-ponche/c/WEB.008.065.00446","products":[{"title":"ETXEZARRA pacharán botella 1 l","price":"7,25 €","pricePerUnit":"(7,25 €/l.)","imgUrl":"https://s2.dia.es/medias/h7a/h7f/8822278029342.png"}]},"ron":{"categoryUrl":"/compra-online/productos/bebidas/alcoholes-y-licores/ron/c/WEB.008.065.00447","products":[{"title":"BACARDI ron 8 años botella 70 cl","price":"25,29 €","pricePerUnit":"(36,13 €/l.)","imgUrl":"https://s2.dia.es/medias/h46/h34/9392117514270.jpg"},{"title":"BACARDI ron blanco superior botella 70 cl","price":"10,99 €","pricePerUnit":"(15,70 €/l.)","imgUrl":"https://s3.dia.es/medias/he9/h35/9392193634334.jpg"},{"title":"BRUGAL ron añejo botella 1 lt","price":"16,99 €\n\t\t\t\t\t\t\t16,25 €","pricePerUnit":"(16,99 €/l.)\n\t\t\t\t\t\t\t (16,25 €/l.)","imgUrl":"https://s0.dia.es/medias/h7b/h88/9612924289054.jpg"},{"title":"BRUGAL ron añejo botella 70 cl","price":"13,65 €","pricePerUnit":"(19,50 €/l.)","imgUrl":"https://s2.dia.es/medias/h93/h17/9612970426398.jpg"},{"title":"CACIQUE ron añejo superior botella 1 lt","price":"16,59 €\n\t\t\t\t\t\t\t14,99 €","pricePerUnit":"(16,59 €/l.)\n\t\t\t\t\t\t\t (14,99 €/l.)","imgUrl":"https://s1.dia.es/medias/h94/h40/8834804351006.png"},{"title":"CACIQUE ron añejo superior botella 70 cl","price":"11,99 €","pricePerUnit":"(17,13 €/l.)","imgUrl":"https://s1.dia.es/medias/ha5/h13/8865932083230.jpg"},{"title":"CAPTAIN MORGAN ron botella 70 cl","price":"11,25 €","pricePerUnit":"(16,07 €/l.)","imgUrl":"https://s2.dia.es/medias/h65/ha4/8862743003166.jpg"},{"title":"HAVANA CLUB ron añejo botella 70 cl","price":"20,95 €","pricePerUnit":"(29,93 €/l.)","imgUrl":"https://s1.dia.es/medias/h52/h50/9613820919838.jpg"},{"title":"SANTA TERESA ron 1796 botella 70 cl","price":"45,99 €","pricePerUnit":"(65,70 €/l.)","imgUrl":"https://s3.dia.es/medias/h60/hbc/9392220176414.jpg"},{"title":"VELERO ron añejo 5 años de venezuela botella 70 cl","price":"9,77 €","pricePerUnit":"(13,96 €/l.)","imgUrl":"https://s0.dia.es/medias/h17/h0d/8823181312030.png"},{"title":"VELERO ron añejo de venezuela botella 70 cl","price":"5,29 €","pricePerUnit":"(7,56 €/l.)","imgUrl":"https://s1.dia.es/medias/h9f/hb5/8822548037662.png"},{"title":"VELERO ron blanco botella 70 cl","price":"4,79 €","pricePerUnit":"(6,84 €/l.)","imgUrl":"https://s0.dia.es/medias/ha6/hf5/8822271213598.png"},{"title":"VELERO ron elixir botella 70 cl","price":"7,51 €","pricePerUnit":"(10,73 €/l.)","imgUrl":"https://s0.dia.es/medias/h53/h06/9029091000350.jpg"}]},"tequila":{"categoryUrl":"/compra-online/productos/bebidas/alcoholes-y-licores/tequila/c/WEB.008.065.00448","products":[{"title":"ABSOLUT vodka botella 70 cl","price":"12,65 €","pricePerUnit":"(18,07 €/l.)","imgUrl":"https://s0.dia.es/medias/hce/h65/9613817970718.jpg"},{"title":"ALVINI vermouth blanco aperitivo botella 1 lt","price":"2,26 €","pricePerUnit":"(2,26 €/l.)","imgUrl":"https://s1.dia.es/medias/hfd/h3a/8825550209054.png"},{"title":"ALVINI vermouth rojo aperitivo botella 1 lt","price":"2,07 €","pricePerUnit":"(2,07 €/l.)","imgUrl":"https://s0.dia.es/medias/h7e/h1b/8821974269982.png"},{"title":"AMPERSAND ginebra pink botella 70 cl","price":"15,23 €","pricePerUnit":"(21,76 €/l.)","imgUrl":"https://s1.dia.es/medias/h9b/hd1/9553300488222.jpg"},{"title":"BACARDI ron 8 años botella 70 cl","price":"25,29 €","pricePerUnit":"(36,13 €/l.)","imgUrl":"https://s2.dia.es/medias/h46/h34/9392117514270.jpg"},{"title":"BACARDI ron blanco superior botella 70 cl","price":"10,99 €","pricePerUnit":"(15,70 €/l.)","imgUrl":"https://s3.dia.es/medias/he9/h35/9392193634334.jpg"},{"title":"BAILEYS crema whisky de almendras botella 70 cl","price":"18,99 €","pricePerUnit":"(27,13 €/l.)","imgUrl":"https://s1.dia.es/medias/h3e/h5e/9537667039262.jpg"},{"title":"BAILEYS crema whisky irlandesa botella 70 cl","price":"12,39 €","pricePerUnit":"(17,70 €/l.)","imgUrl":"https://s1.dia.es/medias/h62/hb6/8847949266974.jpg"},{"title":"BARMONS ginebra sabor fresa botella 70 cl","price":"7,50 €","pricePerUnit":"(10,71 €/l.)","imgUrl":"https://s3.dia.es/medias/hbe/hce/9029145657374.jpg"},{"title":"BOMBAY original ginebra irlandesa botella 70 cl","price":"13,64 €","pricePerUnit":"(19,49 €/l.)","imgUrl":"https://s3.dia.es/medias/h12/hdf/9379632381982.jpg"},{"title":"BRUGAL ron añejo botella 1 lt","price":"16,99 €\n\t\t\t\t\t\t\t16,25 €","pricePerUnit":"(16,99 €/l.)\n\t\t\t\t\t\t\t (16,25 €/l.)","imgUrl":"https://s0.dia.es/medias/h7b/h88/9612924289054.jpg"},{"title":"BRUGAL ron añejo botella 70 cl","price":"13,65 €","pricePerUnit":"(19,50 €/l.)","imgUrl":"https://s2.dia.es/medias/h93/h17/9612970426398.jpg"},{"title":"BURNED BARREL whisky blendes 3 años burned botella 70 cl","price":"4,95 €","pricePerUnit":"(7,07 €/l.)","imgUrl":"https://s2.dia.es/medias/h89/h51/9334516416542.jpg"},{"title":"CACIQUE ron añejo superior botella 1 lt","price":"16,59 €\n\t\t\t\t\t\t\t14,99 €","pricePerUnit":"(16,59 €/l.)\n\t\t\t\t\t\t\t (14,99 €/l.)","imgUrl":"https://s1.dia.es/medias/h94/h40/8834804351006.png"},{"title":"CACIQUE ron añejo superior botella 70 cl","price":"11,99 €","pricePerUnit":"(17,13 €/l.)","imgUrl":"https://s1.dia.es/medias/ha5/h13/8865932083230.jpg"},{"title":"CAPTAIN MORGAN ron botella 70 cl","price":"11,25 €","pricePerUnit":"(16,07 €/l.)","imgUrl":"https://s2.dia.es/medias/h65/ha4/8862743003166.jpg"},{"title":"CARDENAL MENDOZA brandy botella 70 cl","price":"24,05 €","pricePerUnit":"(34,36 €/l.)","imgUrl":"https://s2.dia.es/medias/hd4/h83/9325022773278.jpg"},{"title":"CARDHU whisky gold botella 70 cl","price":"25,35 €","pricePerUnit":"(36,21 €/l.)","imgUrl":"https://s1.dia.es/medias/h76/h64/9520151068702.jpg"},{"title":"CARDHU whisky malta 12 años botella 70 cl","price":"26,37 €","pricePerUnit":"(37,67 €/l.)","imgUrl":"https://s0.dia.es/medias/h5d/hee/8847062958110.png"},{"title":"CARLOS I brandy botella 70 cl","price":"28,90 €","pricePerUnit":"(41,29 €/l.)","imgUrl":"https://s1.dia.es/medias/h8b/h45/9148408234014.jpg"},{"title":"CASTELLANA anís dulce botella 70 cl","price":"7,60 €","pricePerUnit":"(10,86 €/l.)","imgUrl":"https://s3.dia.es/medias/hee/h8c/8819108511774.png"},{"title":"CASTLE LOAN licor de crema de whsiky botella 70 cl","price":"4,83 €","pricePerUnit":"(6,90 €/l.)","imgUrl":"https://s3.dia.es/medias/ha0/h01/9524457144350.jpg"},{"title":"CERCHAR crema de orujo botella 70 cl","price":"5,69 €","pricePerUnit":"(8,13 €/l.)","imgUrl":"https://s1.dia.es/medias/h96/h5c/8822514483230.png"},{"title":"CERCHAR licor de hierbas botella 70 cl","price":"6,52 €","pricePerUnit":"(9,31 €/l.)","imgUrl":"https://s1.dia.es/medias/hb8/h62/8823938416670.png"},{"title":"CHINCHÓN anís dulce botella 1 lt","price":"9,79 €","pricePerUnit":"(9,79 €/l.)","imgUrl":"https://s1.dia.es/medias/h4f/hb8/9123080929310.jpg"},{"title":"CHIVAS whisky escocés 12 años botella 70cl","price":"25,45 €","pricePerUnit":"(36,36 €/l.)","imgUrl":"https://s0.dia.es/medias/h61/h3a/9613812269086.jpg"},{"title":"DEWARS WHITE LABEL whisky escocés botella 70 cl","price":"11,79 €","pricePerUnit":"(16,84 €/l.)","imgUrl":"https://s3.dia.es/medias/h67/h63/9383844380702.jpg"},{"title":"DOUREGAL whisky escocés 5 años botella 70 cl","price":"7,55 €","pricePerUnit":"(10,79 €/l.)","imgUrl":"https://s2.dia.es/medias/hc9/h30/9334508159006.jpg"},{"title":"DYC whisky nacional 8 años botella 70 cl","price":"11,25 €","pricePerUnit":"(16,07 €/l.)","imgUrl":"https://s0.dia.es/medias/hd6/h49/9612982616094.jpg"},{"title":"DYC whisky nacional botella 1 lt","price":"11,99 €\n\t\t\t\t\t\t\t10,99 €","pricePerUnit":"(11,99 €/l.)\n\t\t\t\t\t\t\t (10,99 €/l.)","imgUrl":"https://s1.dia.es/medias/h21/hec/9612927434782.jpg"},{"title":"DYC whisky nacional botella 70 cl","price":"8,85 €","pricePerUnit":"(12,64 €/l.)","imgUrl":"https://s0.dia.es/medias/h85/h7d/9612924616734.jpg"},{"title":"ERISTOFF vodka botella 70 cl","price":"7,99 €","pricePerUnit":"(11,41 €/l.)","imgUrl":"https://s1.dia.es/medias/hc4/had/9633185988638.jpg"},{"title":"ESTEPA anís dulce botella 1 lt","price":"5,84 €","pricePerUnit":"(5,84 €/l.)","imgUrl":"https://s2.dia.es/medias/h45/haf/8822490365982.png"},{"title":"ETXEZARRA pacharán botella 1 l","price":"7,25 €","pricePerUnit":"(7,25 €/l.)","imgUrl":"https://s2.dia.es/medias/h7a/h7f/8822278029342.png"},{"title":"FOUR ROSES bourbon botella 70 cl","price":"15,20 €","pricePerUnit":"(21,71 €/l.)","imgUrl":"https://s0.dia.es/medias/h87/hac/9613819281438.jpg"},{"title":"G VINE ginebra floraison botella 70 cl","price":"39,95 €","pricePerUnit":"(57,07 €/l.)","imgUrl":"https://s1.dia.es/medias/h8b/h1a/9370329743390.jpg"},{"title":"GLADIADOR brandy botella 1 lt","price":"5,75 €","pricePerUnit":"(5,75 €/l.)","imgUrl":"https://s2.dia.es/medias/hef/h22/8823755964446.png"},{"title":"GORDONS ginebra botella 1 lt","price":"11,70 €","pricePerUnit":"(11,70 €/l.)","imgUrl":"https://s3.dia.es/medias/hba/h65/8831197282334.png"},{"title":"GORDONS ginebra sin alcohol con un toque de lima limón botella 25 cl","price":"1,50 €","pricePerUnit":"(6,00 €/l.)","imgUrl":"https://s3.dia.es/medias/hd1/h9d/9402483900446.jpg"},{"title":"GORDONS ginebra sin alcohol con un toque de pomelo botella 25 cl","price":"1,49 €","pricePerUnit":"(5,96 €/l.)","imgUrl":"https://s3.dia.es/medias/h00/haf/9402437828638.jpg"},{"title":"GREY GOOSE vodka botella 70 cl","price":"49,44 €","pricePerUnit":"(70,63 €/l.)","imgUrl":"https://s1.dia.es/medias/hd8/h08/9392245080094.jpg"},{"title":"HAIG CLUB whisky botella 70 cl","price":"39,18 €","pricePerUnit":"(55,97 €/l.)","imgUrl":"https://s3.dia.es/medias/h4a/h06/8848971694110.jpg"},{"title":"HAVANA CLUB ron añejo botella 70 cl","price":"20,95 €","pricePerUnit":"(29,93 €/l.)","imgUrl":"https://s1.dia.es/medias/h52/h50/9613820919838.jpg"},{"title":"J&B whisky escocés botella 1 lt","price":"16,95 €","pricePerUnit":"(16,95 €/l.)","imgUrl":"https://s0.dia.es/medias/hf5/hca/8866024947742.jpg"},{"title":"J&B whisky escocés botella 70 cl","price":"12,25 €\n\t\t\t\t\t\t\t10,99 €","pricePerUnit":"(17,50 €/l.)\n\t\t\t\t\t\t\t (15,70 €/l.)","imgUrl":"https://s0.dia.es/medias/ha1/h12/8865711292446.jpg"},{"title":"JAGERMEISTER licor botella 70 cl","price":"13,25 €","pricePerUnit":"(18,93 €/l.)","imgUrl":"https://s0.dia.es/medias/h51/h90/9151297585182.jpg"},{"title":"JIM BEAM whisky botella 70 cl","price":"12,45 €","pricePerUnit":"(17,79 €/l.)","imgUrl":"https://s0.dia.es/medias/h62/hda/9612921339934.jpg"},{"title":"JOHNNIE WALKER whisky black label botella 70 cl","price":"24,49 €","pricePerUnit":"(34,99 €/l.)","imgUrl":"https://s3.dia.es/medias/h01/h58/8872633270302.png"},{"title":"JOHNNIE WALKER whisky double black botella 70 cl","price":"27,76 €","pricePerUnit":"(39,66 €/l.)","imgUrl":"https://s1.dia.es/medias/h39/h8f/8980202487838.jpg"},{"title":"JOHNNIE WALKER whisky red label botella 70 cl","price":"13,25 €","pricePerUnit":"(18,93 €/l.)","imgUrl":"https://s0.dia.es/medias/h7d/h9a/8834903441438.png"},{"title":"LARIOS 12 ginebra botella 70 cl","price":"13,29 €","pricePerUnit":"(18,99 €/l.)","imgUrl":"https://s1.dia.es/medias/h4b/h2b/9612975669278.jpg"},{"title":"LARIOS ginebra citrus botella 70 cl","price":"13,29 €","pricePerUnit":"(18,99 €/l.)","imgUrl":"https://s2.dia.es/medias/h21/h12/9612971081758.jpg"},{"title":"LARIOS ginebra nacional botella 1 lt","price":"11,35 €\n\t\t\t\t\t\t\t10,85 €","pricePerUnit":"(11,35 €/l.)\n\t\t\t\t\t\t\t (10,85 €/l.)","imgUrl":"https://s0.dia.es/medias/ha7/he6/9612975341598.jpg"},{"title":"LARIOS ginebra nacional botella 70 cl","price":"8,45 €","pricePerUnit":"(12,07 €/l.)","imgUrl":"https://s0.dia.es/medias/he3/h32/9612975996958.jpg"},{"title":"LARIOS rose ginebra botella 70 cl","price":"13,29 €","pricePerUnit":"(18,99 €/l.)","imgUrl":"https://s3.dia.es/medias/h49/hc4/9612927762462.jpg"},{"title":"LICOR 43 botella 70 cl","price":"13,19 €","pricePerUnit":"(18,84 €/l.)","imgUrl":"https://s0.dia.es/medias/h1b/hb9/9193155199006.jpg"},{"title":"MAGNO brandy botella 70 cl","price":"10,95 €","pricePerUnit":"(15,64 €/l.)","imgUrl":"https://s3.dia.es/medias/hf6/hcb/9193166012446.jpg"},{"title":"MARTINI vermouth bianco botella 1 lt","price":"8,39 €","pricePerUnit":"(8,39 €/l.)","imgUrl":"https://s2.dia.es/medias/h3a/ha3/9533111205918.jpg"},{"title":"MARTINI vermouth bianco botella 1.5 lt","price":"12,29 €","pricePerUnit":"(8,19 €/l.)","imgUrl":"https://s1.dia.es/medias/hfd/h22/9392142745630.jpg"},{"title":"MARTINI vermouth rosso botella 1 lt","price":"8,39 €","pricePerUnit":"(8,39 €/l.)","imgUrl":"https://s2.dia.es/medias/hd8/hd0/9392115220510.jpg"},{"title":"MARTINI vermouth rosso botella 1.5 lt","price":"10,49 €","pricePerUnit":"(6,99 €/l.)","imgUrl":"https://s2.dia.es/medias/h75/h38/9392216244254.jpg"},{"title":"MIKANOFF vodka botella 70 cl","price":"4,39 €","pricePerUnit":"(6,27 €/l.)","imgUrl":"https://s0.dia.es/medias/h98/hab/9524455014430.jpg"},{"title":"MIKANOFF vodka caramelizado botella 70 cl","price":"4,39 €","pricePerUnit":"(6,27 €/l.)","imgUrl":"https://s0.dia.es/medias/hc6/ha4/8822967861278.png"},{"title":"MONO anís dulce botella 70 cl","price":"7,85 €","pricePerUnit":"(11,21 €/l.)","imgUrl":"https://s0.dia.es/medias/h15/hf6/9193177808926.jpg"},{"title":"MUMM brut cordon rouge champange botella 75 cl","price":"33,84 €","pricePerUnit":"(45,12 €/l.)","imgUrl":"https://s3.dia.es/medias/h10/hb4/9506604318750.jpg"},{"title":"PANIZO agua ardiente de orujo botella 70 cl","price":"7,42 €","pricePerUnit":"(10,60 €/l.)","imgUrl":"https://s1.dia.es/medias/h60/haf/8879560196126.png"},{"title":"PANIZO crema de orujo botella 70 cl","price":"7,36 €","pricePerUnit":"(10,51 €/l.)","imgUrl":"https://s2.dia.es/medias/hfe/h7f/8906841686046.jpg"},{"title":"PANIZO licor de hierbas botella 70 cl","price":"6,52 €","pricePerUnit":"(9,31 €/l.)","imgUrl":"https://s3.dia.es/medias/h1d/h08/8878405910558.png"},{"title":"PASSPORT whisky botella 70 cl","price":"11,24 €","pricePerUnit":"(16,06 €/l.)","imgUrl":"https://s3.dia.es/medias/h67/hdb/9494990815262.jpg"},{"title":"PLYMOUTH GIN ginebra botella 70 cl","price":"30,45 €","pricePerUnit":"(43,50 €/l.)","imgUrl":"https://s2.dia.es/medias/h49/h46/9613797195806.jpg"},{"title":"PUERTO DE INDIAS ginebra sabor fresa botella 70 cl","price":"15,70 €","pricePerUnit":"(22,43 €/l.)","imgUrl":"https://s1.dia.es/medias/h7a/hef/9158793363486.jpg"},{"title":"RUAVIEJA licor de té con jengibre botella 70 cl","price":"9,99 €","pricePerUnit":"(14,27 €/l.)","imgUrl":"https://s3.dia.es/medias/h23/h56/9546639474718.jpg"},{"title":"SANTA TERESA ron 1796 botella 70 cl","price":"45,99 €","pricePerUnit":"(65,70 €/l.)","imgUrl":"https://s3.dia.es/medias/h60/hbc/9392220176414.jpg"},{"title":"SMIRNOFF vodka botella 70 cl","price":"9,92 €","pricePerUnit":"(14,17 €/l.)","imgUrl":"https://s3.dia.es/medias/h00/h39/9607957217310.jpg"},{"title":"SOBERANO brandy botella 70 cl","price":"6,99 €","pricePerUnit":"(9,99 €/l.)","imgUrl":"https://s0.dia.es/medias/h2c/h4b/8862802771998.jpg"},{"title":"STAR OF BOMBAY ginebra botella 70 cl","price":"35,70 €","pricePerUnit":"(51,00 €/l.)","imgUrl":"https://s3.dia.es/medias/h4d/h8a/9641233809438.jpg"},{"title":"TANQUERAY ginebra inglesa botella 70 cl","price":"14,69 €","pricePerUnit":"(20,99 €/l.)","imgUrl":"https://s2.dia.es/medias/h32/h57/8833096646686.png"},{"title":"TANQUERAY ginebra rangpur botella 70 cl","price":"20,41 €","pricePerUnit":"(29,16 €/l.)","imgUrl":"https://s0.dia.es/medias/hf8/ha0/9382214762526.jpg"},{"title":"TERRY 1900 brandy botella 70 cl","price":"10,74 €","pricePerUnit":"(15,34 €/l.)","imgUrl":"https://s0.dia.es/medias/ha0/haf/9677941702686.jpg"},{"title":"TERRY CENTENARIO brandy botella 1 lt","price":"8,99 €","pricePerUnit":"(8,99 €/l.)","imgUrl":"https://s2.dia.es/medias/ha8/h88/9612989956126.jpg"},{"title":"THE LONDON Nº1 ginebra azul botella 70 cl","price":"33,85 €","pricePerUnit":"(48,36 €/l.)","imgUrl":"https://s2.dia.es/medias/h26/h86/8980774453278.jpg"},{"title":"VELERO ron añejo 5 años de venezuela botella 70 cl","price":"9,77 €","pricePerUnit":"(13,96 €/l.)","imgUrl":"https://s0.dia.es/medias/h17/h0d/8823181312030.png"},{"title":"VELERO ron añejo de venezuela botella 70 cl","price":"5,29 €","pricePerUnit":"(7,56 €/l.)","imgUrl":"https://s1.dia.es/medias/h9f/hb5/8822548037662.png"},{"title":"VELERO ron blanco botella 70 cl","price":"4,79 €","pricePerUnit":"(6,84 €/l.)","imgUrl":"https://s0.dia.es/medias/ha6/hf5/8822271213598.png"},{"title":"VELERO ron elixir botella 70 cl","price":"7,51 €","pricePerUnit":"(10,73 €/l.)","imgUrl":"https://s0.dia.es/medias/h53/h06/9029091000350.jpg"},{"title":"VETERANO brandy botella 1 lt","price":"8,99 €\n\t\t\t\t\t\t\t8,49 €","pricePerUnit":"(8,99 €/l.)\n\t\t\t\t\t\t\t (8,49 €/l.)","imgUrl":"https://s0.dia.es/medias/h52/h6a/9266845679646.jpg"},{"title":"VETERANO brandy naranja botella 70 cl","price":"9,82 €","pricePerUnit":"(14,03 €/l.)","imgUrl":"https://s0.dia.es/medias/h40/h5c/9156103143454.jpg"},{"title":"WILLIAM LAWSONS whisky escocés botella 70 cl","price":"7,75 €","pricePerUnit":"(11,07 €/l.)","imgUrl":"https://s3.dia.es/medias/h06/h2d/9392205758494.jpg"},{"title":"WORDENS whisky americano botella 70 cl","price":"7,51 €","pricePerUnit":"(10,73 €/l.)","imgUrl":"https://s3.dia.es/medias/hd1/hf2/9334496952350.jpg"},{"title":"YZAGUIRRE vermouth rojo clasico botella 1 lt","price":"6,85 €","pricePerUnit":"(6,85 €/l.)","imgUrl":"https://s1.dia.es/medias/hb2/h07/8865907900446.jpg"},{"title":"ZARRO vermut botella 1 lt","price":"5,75 €","pricePerUnit":"(5,75 €/l.)","imgUrl":"https://s2.dia.es/medias/hf4/h8f/9506034515998.jpg"}]},"vermouth-y-aperitivos":{"categoryUrl":"/compra-online/productos/bebidas/alcoholes-y-licores/vermouth-y-aperitivos/c/WEB.008.065.00449","products":[{"title":"ALVINI vermouth blanco aperitivo botella 1 lt","price":"2,26 €","pricePerUnit":"(2,26 €/l.)","imgUrl":"https://s1.dia.es/medias/hfd/h3a/8825550209054.png"},{"title":"ALVINI vermouth rojo aperitivo botella 1 lt","price":"2,07 €","pricePerUnit":"(2,07 €/l.)","imgUrl":"https://s0.dia.es/medias/h7e/h1b/8821974269982.png"},{"title":"MARTINI vermouth bianco botella 1 lt","price":"8,39 €","pricePerUnit":"(8,39 €/l.)","imgUrl":"https://s2.dia.es/medias/h3a/ha3/9533111205918.jpg"},{"title":"MARTINI vermouth bianco botella 1.5 lt","price":"12,29 €","pricePerUnit":"(8,19 €/l.)","imgUrl":"https://s1.dia.es/medias/hfd/h22/9392142745630.jpg"},{"title":"MARTINI vermouth rosso botella 1 lt","price":"8,39 €","pricePerUnit":"(8,39 €/l.)","imgUrl":"https://s2.dia.es/medias/hd8/hd0/9392115220510.jpg"},{"title":"MARTINI vermouth rosso botella 1.5 lt","price":"10,49 €","pricePerUnit":"(6,99 €/l.)","imgUrl":"https://s2.dia.es/medias/h75/h38/9392216244254.jpg"},{"title":"YZAGUIRRE vermouth rojo clasico botella 1 lt","price":"6,85 €","pricePerUnit":"(6,85 €/l.)","imgUrl":"https://s1.dia.es/medias/hb2/h07/8865907900446.jpg"},{"title":"ZARRO vermut botella 1 lt","price":"5,75 €","pricePerUnit":"(5,75 €/l.)","imgUrl":"https://s2.dia.es/medias/hf4/h8f/9506034515998.jpg"}]},"vodka":{"categoryUrl":"/compra-online/productos/bebidas/alcoholes-y-licores/vodka/c/WEB.008.065.00450","products":[{"title":"ABSOLUT vodka botella 70 cl","price":"12,65 €","pricePerUnit":"(18,07 €/l.)","imgUrl":"https://s0.dia.es/medias/hce/h65/9613817970718.jpg"},{"title":"ERISTOFF vodka botella 70 cl","price":"7,99 €","pricePerUnit":"(11,41 €/l.)","imgUrl":"https://s1.dia.es/medias/hc4/had/9633185988638.jpg"},{"title":"GREY GOOSE vodka botella 70 cl","price":"49,44 €","pricePerUnit":"(70,63 €/l.)","imgUrl":"https://s1.dia.es/medias/hd8/h08/9392245080094.jpg"},{"title":"MIKANOFF vodka botella 70 cl","price":"4,39 €","pricePerUnit":"(6,27 €/l.)","imgUrl":"https://s0.dia.es/medias/h98/hab/9524455014430.jpg"},{"title":"MIKANOFF vodka caramelizado botella 70 cl","price":"4,39 €","pricePerUnit":"(6,27 €/l.)","imgUrl":"https://s0.dia.es/medias/hc6/ha4/8822967861278.png"},{"title":"SMIRNOFF vodka botella 70 cl","price":"9,92 €","pricePerUnit":"(14,17 €/l.)","imgUrl":"https://s3.dia.es/medias/h00/h39/9607957217310.jpg"}]},"whisky-y-bourbon":{"categoryUrl":"/compra-online/productos/bebidas/alcoholes-y-licores/whisky-y-bourbon/c/WEB.008.065.00451","products":[{"title":"BURNED BARREL whisky blendes 3 años burned botella 70 cl","price":"4,95 €","pricePerUnit":"(7,07 €/l.)","imgUrl":"https://s2.dia.es/medias/h89/h51/9334516416542.jpg"},{"title":"CARDHU whisky gold botella 70 cl","price":"25,35 €","pricePerUnit":"(36,21 €/l.)","imgUrl":"https://s1.dia.es/medias/h76/h64/9520151068702.jpg"},{"title":"CARDHU whisky malta 12 años botella 70 cl","price":"26,37 €","pricePerUnit":"(37,67 €/l.)","imgUrl":"https://s0.dia.es/medias/h5d/hee/8847062958110.png"},{"title":"CHIVAS whisky escocés 12 años botella 70cl","price":"25,45 €","pricePerUnit":"(36,36 €/l.)","imgUrl":"https://s0.dia.es/medias/h61/h3a/9613812269086.jpg"},{"title":"DEWARS WHITE LABEL whisky escocés botella 70 cl","price":"11,79 €","pricePerUnit":"(16,84 €/l.)","imgUrl":"https://s3.dia.es/medias/h67/h63/9383844380702.jpg"},{"title":"DOUREGAL whisky escocés 5 años botella 70 cl","price":"7,55 €","pricePerUnit":"(10,79 €/l.)","imgUrl":"https://s2.dia.es/medias/hc9/h30/9334508159006.jpg"},{"title":"DYC whisky nacional 8 años botella 70 cl","price":"11,25 €","pricePerUnit":"(16,07 €/l.)","imgUrl":"https://s0.dia.es/medias/hd6/h49/9612982616094.jpg"},{"title":"DYC whisky nacional botella 1 lt","price":"11,99 €\n\t\t\t\t\t\t\t10,99 €","pricePerUnit":"(11,99 €/l.)\n\t\t\t\t\t\t\t (10,99 €/l.)","imgUrl":"https://s1.dia.es/medias/h21/hec/9612927434782.jpg"},{"title":"DYC whisky nacional botella 70 cl","price":"8,85 €","pricePerUnit":"(12,64 €/l.)","imgUrl":"https://s0.dia.es/medias/h85/h7d/9612924616734.jpg"},{"title":"FOUR ROSES bourbon botella 70 cl","price":"15,20 €","pricePerUnit":"(21,71 €/l.)","imgUrl":"https://s0.dia.es/medias/h87/hac/9613819281438.jpg"},{"title":"HAIG CLUB whisky botella 70 cl","price":"39,18 €","pricePerUnit":"(55,97 €/l.)","imgUrl":"https://s3.dia.es/medias/h4a/h06/8848971694110.jpg"},{"title":"J&B whisky escocés botella 1 lt","price":"16,95 €","pricePerUnit":"(16,95 €/l.)","imgUrl":"https://s0.dia.es/medias/hf5/hca/8866024947742.jpg"},{"title":"J&B whisky escocés botella 70 cl","price":"12,25 €\n\t\t\t\t\t\t\t10,99 €","pricePerUnit":"(17,50 €/l.)\n\t\t\t\t\t\t\t (15,70 €/l.)","imgUrl":"https://s0.dia.es/medias/ha1/h12/8865711292446.jpg"},{"title":"JIM BEAM whisky botella 70 cl","price":"12,45 €","pricePerUnit":"(17,79 €/l.)","imgUrl":"https://s0.dia.es/medias/h62/hda/9612921339934.jpg"},{"title":"JOHNNIE WALKER whisky black label botella 70 cl","price":"24,49 €","pricePerUnit":"(34,99 €/l.)","imgUrl":"https://s3.dia.es/medias/h01/h58/8872633270302.png"},{"title":"JOHNNIE WALKER whisky double black botella 70 cl","price":"27,76 €","pricePerUnit":"(39,66 €/l.)","imgUrl":"https://s1.dia.es/medias/h39/h8f/8980202487838.jpg"},{"title":"JOHNNIE WALKER whisky red label botella 70 cl","price":"13,25 €","pricePerUnit":"(18,93 €/l.)","imgUrl":"https://s0.dia.es/medias/h7d/h9a/8834903441438.png"},{"title":"PASSPORT whisky botella 70 cl","price":"11,24 €","pricePerUnit":"(16,06 €/l.)","imgUrl":"https://s3.dia.es/medias/h67/hdb/9494990815262.jpg"},{"title":"WILLIAM LAWSONS whisky escocés botella 70 cl","price":"7,75 €","pricePerUnit":"(11,07 €/l.)","imgUrl":"https://s3.dia.es/medias/h06/h2d/9392205758494.jpg"},{"title":"WORDENS whisky americano botella 70 cl","price":"7,51 €","pricePerUnit":"(10,73 €/l.)","imgUrl":"https://s3.dia.es/medias/hd1/hf2/9334496952350.jpg"}]}},"sangrias-y-combinados-base-vino":{"name":"Sangríasycombinadosbasevino","productTypes":["sangrias-y-combinados-base-vino"],"sangrias-y-combinados-base-vino":{"categoryUrl":"/compra-online/productos/bebidas/sangrias-y-combinados-base-vino/sangrias-y-combinados-base-vino/c/WEB.008.066.00453","products":[{"title":"CASTILLO DE VELASCO tinto de verano limon botella 1.5 lt","price":"0,99 €","pricePerUnit":"(0,66 €/l.)","imgUrl":"https://s2.dia.es/medias/ha5/h2d/9346035679262.jpg"},{"title":"CASTILLO DE VELASCO tinto de verano limón sin alcohol botella 1.5 lt","price":"0,89 €","pricePerUnit":"(0,59 €/l.)","imgUrl":"https://s3.dia.es/medias/hcf/hea/9142061596702.jpg"},{"title":"DIA sangria botella 1.5 lt","price":"1,39 €","pricePerUnit":"(0,93 €/l.)","imgUrl":"https://s0.dia.es/medias/hef/hb3/9364581351454.jpg"},{"title":"LA CASERA tinto de verano botella 1.5 lt","price":"1,95 €","pricePerUnit":"(1,30 €/l.)","imgUrl":"https://s3.dia.es/medias/he3/h19/8917781708830.jpg"},{"title":"LA CASERA tinto de verano limon botella 1.5 lt","price":"1,95 €","pricePerUnit":"(1,30 €/l.)","imgUrl":"https://s3.dia.es/medias/hf3/h34/8834677276702.png"},{"title":"LA CASERA tinto de verano limon lata 33 cl","price":"0,66 €","pricePerUnit":"(2,00 €/l.)"}]}},"finos-y-dulces":{"name":"Finosydulces","productTypes":["jerez-y-fino","manzanilla","moscatel","vinos-dulces-y-generosos"],"jerez-y-fino":{"categoryUrl":"/compra-online/productos/bebidas/finos-y-dulces/jerez-y-fino/c/WEB.008.067.00454","products":[{"title":"PEDRO XIMÉNEZ nectar fino dulce botella 75 cl","price":"8,75 €","pricePerUnit":"(11,67 €/l.)","imgUrl":"https://s3.dia.es/medias/h5e/hc5/8878233616414.png"},{"title":"SINGULAR vino fino de jerez botella 75 cl","price":"2,63 €","pricePerUnit":"(3,51 €/l.)","imgUrl":"https://s0.dia.es/medias/h34/hde/8855039574046.png"},{"title":"TIO PEPE fino muy seco de Jerez botella 75 cl","price":"6,59 €","pricePerUnit":"(8,79 €/l.)","imgUrl":"https://s1.dia.es/medias/h73/h84/9193779527710.jpg"}]},"manzanilla":{"categoryUrl":"/compra-online/productos/bebidas/finos-y-dulces/manzanilla/c/WEB.008.067.00455","products":[{"title":"DORADO moscatel botella 1 lt","price":"4,39 €","pricePerUnit":"(4,39 €/l.)","imgUrl":"https://s1.dia.es/medias/hb1/hfc/8979765788702.jpg"},{"title":"GERALDINO vino blanco de uva moscatel botella 70 5 cl","price":"2,70 €","pricePerUnit":"(3,60 €/l.)","imgUrl":"https://s0.dia.es/medias/h3b/h65/9497428918302.jpg"},{"title":"PEDRO XIMÉNEZ nectar fino dulce botella 75 cl","price":"8,75 €","pricePerUnit":"(11,67 €/l.)","imgUrl":"https://s3.dia.es/medias/h5e/hc5/8878233616414.png"},{"title":"SANSON vino quinado botella 1 lt","price":"4,80 €","pricePerUnit":"(4,80 €/l.)","imgUrl":"https://s0.dia.es/medias/hdd/h3d/9516258099230.jpg"},{"title":"SINGULAR vino fino de jerez botella 75 cl","price":"2,63 €","pricePerUnit":"(3,51 €/l.)","imgUrl":"https://s0.dia.es/medias/h34/hde/8855039574046.png"},{"title":"TIO PEPE fino muy seco de Jerez botella 75 cl","price":"6,59 €","pricePerUnit":"(8,79 €/l.)","imgUrl":"https://s1.dia.es/medias/h73/h84/9193779527710.jpg"}]},"moscatel":{"categoryUrl":"/compra-online/productos/bebidas/finos-y-dulces/moscatel/c/WEB.008.067.00456","products":[{"title":"DORADO moscatel botella 1 lt","price":"4,39 €","pricePerUnit":"(4,39 €/l.)","imgUrl":"https://s1.dia.es/medias/hb1/hfc/8979765788702.jpg"},{"title":"GERALDINO vino blanco de uva moscatel botella 70 5 cl","price":"2,70 €","pricePerUnit":"(3,60 €/l.)","imgUrl":"https://s0.dia.es/medias/h3b/h65/9497428918302.jpg"}]},"vinos-dulces-y-generosos":{"categoryUrl":"/compra-online/productos/bebidas/finos-y-dulces/vinos-dulces-y-generosos/c/WEB.008.067.00457","products":[{"title":"SANSON vino quinado botella 1 lt","price":"4,80 €","pricePerUnit":"(4,80 €/l.)","imgUrl":"https://s0.dia.es/medias/hdd/h3d/9516258099230.jpg"}]}},"vinos-blancos":{"name":"Vinosblancos","productTypes":["andalucia","aragon","castilla-y-leon","castillala-mancha","cataluna","galicia","rioja","valencia","otros-nacional","internacional","mesa"],"andalucia":{"categoryUrl":"/compra-online/productos/bebidas/vinos-blancos/andalucia/c/WEB.008.068.00458","products":[{"title":"BACH EXTRISIMO vino blanco semidulce DO Penedes botella  75 cl","price":"4,44 €","pricePerUnit":"(5,92 €/l.)","imgUrl":"https://s3.dia.es/medias/h41/h24/9539698884638.jpg"},{"title":"BACH vino blanco let it frizz botella 75 cl","price":"5,35 €","pricePerUnit":"(7,13 €/l.)","imgUrl":"https://s0.dia.es/medias/haa/h9a/9236585971742.jpg"},{"title":"BERONIA RUEDA VERDEJO vino blanco botella 75 cl","price":"7,50 €","pricePerUnit":"(10,00 €/l.)","imgUrl":"https://s2.dia.es/medias/h03/hc5/9386040786974.jpg"},{"title":"BLUME vino blanco DO Rueda botella 75 cl","price":"6,99 €","pricePerUnit":"(9,32 €/l.)","imgUrl":"https://s2.dia.es/medias/h8b/hb0/8878467612702.png"},{"title":"BLUME vino blanco DO Rueda botella 75 cl","price":"4,95 €","pricePerUnit":"(6,60 €/l.)","imgUrl":"https://s2.dia.es/medias/hdc/h63/9290421796894.jpg"},{"title":"BLUME vino blanco joven DO Rueda botella 75 cl","price":"4,25 €","pricePerUnit":"(5,67 €/l.)","imgUrl":"https://s0.dia.es/medias/h51/h02/9290401972254.jpg"},{"title":"CANEI vino blanco frizante botella 75 cl","price":"4,25 €","pricePerUnit":"(5,67 €/l.)","imgUrl":"https://s1.dia.es/medias/h62/hb3/8879484272670.png"},{"title":"CASTILLO DE VELASCO vino blanco envase 1 lt","price":"0,99 €","pricePerUnit":"(0,99 €/l.)","imgUrl":"https://s1.dia.es/medias/hfd/h58/8834918645790.png"},{"title":"CASTILLO PERELADA vino blanco collection DO Cataluña botella 75 cl","price":"9,95 €","pricePerUnit":"(13,27 €/l.)","imgUrl":"https://s1.dia.es/medias/h02/haf/9241456640030.jpg"},{"title":"CODORNEW vino blanco verdejo frizz 5.5 botella 75 cl","price":"7,49 €","pricePerUnit":"(9,99 €/l.)","imgUrl":"https://s2.dia.es/medias/h7a/hc2/9093096996894.jpg"},{"title":"CUATRO RAYAS vino blanco verdejo DO Rueda botella 75 cl","price":"5,45 €","pricePerUnit":"(7,27 €/l.)","imgUrl":"https://s1.dia.es/medias/hb0/h51/9576941781022.jpg"},{"title":"CUMBRES DE GREDOS vino blanco envase 1 lt","price":"1,45 €","pricePerUnit":"(1,45 €/l.)","imgUrl":"https://s2.dia.es/medias/h75/h0b/9092094689310.jpg"},{"title":"DEPENDE vino blanco albariño de Galicia botella 75 cl","price":"6,99 €","pricePerUnit":"(9,32 €/l.)","imgUrl":"https://s1.dia.es/medias/h6e/ha9/9535857917982.jpg"},{"title":"DIAMANTE Vino blanco semidulce DO Rioja 75 cl","price":"4,39 €","pricePerUnit":"(5,85 €/l.)"},{"title":"DON SIMON vino blanco pack 3 unidades 180 ml","price":"1,28 €","pricePerUnit":"(2,28 €/l.)","imgUrl":"https://s0.dia.es/medias/ha9/h67/9334639362078.jpg"},{"title":"DUCADO DE ALTAN vino blanco DO rueda botella 75 cl","price":"7,14 €","pricePerUnit":"(9,52 €/l.)","imgUrl":"https://s2.dia.es/medias/hfb/h00/8819011026974.png"},{"title":"EDERRA vino blanco verdejo DO Rueda botella 75 cl","price":"5,45 €","pricePerUnit":"(7,27 €/l.)","imgUrl":"https://s3.dia.es/medias/h25/h23/9062780960798.jpg"},{"title":"EL COTO vino blanco rioja botella 75 cl","price":"3,85 €","pricePerUnit":"(5,13 €/l.)","imgUrl":"https://s0.dia.es/medias/he3/h71/9030046220318.jpg"},{"title":"EMINA vino blanco verdejo DO Ribera del Duero botella 75 cl","price":"5,49 €","pricePerUnit":"(7,32 €/l.)","imgUrl":"https://s2.dia.es/medias/h40/h96/9305866436638.jpg"},{"title":"ETCETERA vino blanco seco DO Rueda botella 75 cl","price":"4,50 €","pricePerUnit":"(6,00 €/l.)","imgUrl":"https://s1.dia.es/medias/hf0/hf0/9535841533982.jpg"},{"title":"FAUSTINO RIVERO vino blanco chardonnay botella 75 cl","price":"3,40 €","pricePerUnit":"(4,53 €/l.)","imgUrl":"https://s2.dia.es/medias/h8c/hdf/8855056285726.png"},{"title":"FAUSTINO RIVERO vino blanco semidulce Do Castilla botella 75 cl","price":"3,40 €","pricePerUnit":"(4,53 €/l.)","imgUrl":"https://s1.dia.es/medias/h7b/h16/9517531660318.jpg"},{"title":"FAUSTINO RIVERO vino blanco verdejo Do Castilla botella 75 cl","price":"3,40 €","pricePerUnit":"(4,53 €/l.)","imgUrl":"https://s0.dia.es/medias/h67/h00/8958597726238.png"},{"title":"FOUR LINES vino blanco verdejo DO Rueda botella 75 cl","price":"4,19 €","pricePerUnit":"(5,59 €/l.)","imgUrl":"https://s1.dia.es/medias/hbf/hc6/9576905670686.jpg"},{"title":"GRAN CHEF vino blanco para cocinar botella 75 cl","price":"3,49 €","pricePerUnit":"(4,65 €/l.)","imgUrl":"https://s1.dia.es/medias/h46/h3a/8984737284126.jpg"},{"title":"GREGO vino blanco moscatel seco DO Madrid botella 75 cl","price":"9,75 €","pricePerUnit":"(13,00 €/l.)","imgUrl":"https://s0.dia.es/medias/hf7/h9c/9326245249054.jpg"},{"title":"LAGAR DE BOUZA vino blanco albariño DO Rias Baixas botella 75 cl","price":"5,49 €","pricePerUnit":"(7,32 €/l.)","imgUrl":"https://s0.dia.es/medias/h0d/h57/8873182494750.jpg"},{"title":"LOS MOLINOS vino blanco verdejo DO Valdepeñas botella 75 cl","price":"1,96 €","pricePerUnit":"(2,61 €/l.)","imgUrl":"https://s1.dia.es/medias/h4f/hf3/9621751726110.jpg"},{"title":"LUSCO vino blanco Do Riax Baixas botella 75 cl","price":"14,79 €","pricePerUnit":"(19,72 €/l.)","imgUrl":"https://s2.dia.es/medias/h22/hbd/9361935335454.jpg"},{"title":"MAR DE FRADES vino blanco albariño DO Rias Baixas botella 75 cl","price":"15,29 €","pricePerUnit":"(20,39 €/l.)","imgUrl":"https://s0.dia.es/medias/hd7/h09/9026342289438.jpg"},{"title":"MARQUES DE CÁCERES vino blanco verdejo DO Rueda botella 75 cl","price":"5,45 €","pricePerUnit":"(7,27 €/l.)","imgUrl":"https://s2.dia.es/medias/hd7/hc1/9572741414942.jpg"},{"title":"MARQUÉS DE LA CONCORDIA vino blanco DO Rioja botella 75 cl","price":"5,95 €","pricePerUnit":"(7,93 €/l.)","imgUrl":"https://s0.dia.es/medias/h78/h6e/9375259066398.jpg"},{"title":"MONTE XIABRE vino blanco albariño DO Rias Baixas botella 75 cl","price":"5,22 €","pricePerUnit":"(6,96 €/l.)","imgUrl":"https://s2.dia.es/medias/h2d/h31/8834356346910.png"},{"title":"MONÓLOGO vino blanco DO Rueda botella 75 cl","price":"5,55 €","pricePerUnit":"(7,40 €/l.)","imgUrl":"https://s2.dia.es/medias/hda/h06/9621227503646.jpg"},{"title":"ORBALLO vino blanco albariño DO Rias Baixas botella 75 cl","price":"6,59 €","pricePerUnit":"(8,79 €/l.)","imgUrl":"https://s0.dia.es/medias/h0a/h94/8833906311198.png"},{"title":"PALACIO DE BORNOS vino blanco verdejo DO Rueda botella 75 cl","price":"5,85 €","pricePerUnit":"(7,80 €/l.)","imgUrl":"https://s3.dia.es/medias/h66/h61/9662456365086.jpg"},{"title":"PALACIO DE BORNOS vino blanco verdejo semi seco DO Rueda botella 75 cl","price":"6,25 €","pricePerUnit":"(8,33 €/l.)","imgUrl":"https://s1.dia.es/medias/hd9/h7b/9535770034206.jpg"},{"title":"PAZO vino blanco DO Ribeiro 75 cl","price":"4,31 €","pricePerUnit":"(5,75 €/l.)","imgUrl":"https://s1.dia.es/medias/h80/hcc/9358052360222.jpg"},{"title":"PESCADOR CASTILLO DE PERELADA vino blanco botella 75 cl","price":"3,65 €","pricePerUnit":"(4,87 €/l.)","imgUrl":"https://s1.dia.es/medias/h64/h29/9092181295134.jpg"},{"title":"SEÑORIO DE ONDAS Vino blanco semidulce DO Rioja 75 cl","price":"2,35 €","pricePerUnit":"(3,13 €/l.)","imgUrl":"https://s1.dia.es/medias/h2c/hc3/8823113678878.png"},{"title":"SOLEILL DE FLIX vino blanco semidulce DO Penedes botella 75 cl","price":"2,85 €","pricePerUnit":"(3,80 €/l.)","imgUrl":"https://s2.dia.es/medias/h7d/h38/9026378956830.jpg"},{"title":"VEGA DEL BARON vino blanco DO Rueda botella 75 cl","price":"2,85 €","pricePerUnit":"(3,80 €/l.)","imgUrl":"https://s0.dia.es/medias/h23/h67/8822268592158.png"},{"title":"VEGA DEL BARON vino blanco verdejo DO Rueda botella 75 cl","price":"2,55 €","pricePerUnit":"(3,40 €/l.)","imgUrl":"https://s0.dia.es/medias/h59/had/8823159816222.png"},{"title":"VIÑA ALBALI vino blanco verdejo botella 75 cl","price":"2,69 €","pricePerUnit":"(3,59 €/l.)","imgUrl":"https://s3.dia.es/medias/h6e/h20/9290360979486.jpg"},{"title":"VIÑA BEMPOSTA vino blanco albariño DO Rias Baixas botella 75 cl","price":"6,25 €","pricePerUnit":"(8,33 €/l.)","imgUrl":"https://s1.dia.es/medias/h78/h4b/8879499313182.png"},{"title":"VIÑA COSTEIRA vino blanco DO Ribeiro botella 75 cl","price":"6,03 €","pricePerUnit":"(8,04 €/l.)","imgUrl":"https://s1.dia.es/medias/hc5/he9/9322199449630.jpg"},{"title":"VIÑA ESMERALDA vino blanco DO Catalula botella 75 cl","price":"8,26 €","pricePerUnit":"(11,01 €/l.)","imgUrl":"https://s3.dia.es/medias/hd8/h67/9550059864094.jpg"},{"title":"VIÑA MAYOR vino blanco verdejo DO Rueda botella 75 cl","price":"5,89 €","pricePerUnit":"(7,85 €/l.)","imgUrl":"https://s1.dia.es/medias/hb6/h1a/9516269633566.jpg"},{"title":"VIÑA SOL vino blanco DO Catalula botella 75 cl","price":"6,18 €","pricePerUnit":"(8,24 €/l.)","imgUrl":"https://s3.dia.es/medias/h2d/hf0/9665613824030.jpg"},{"title":"VIÑAS DE ANNA vino blanco DO Cataluña botella 75 cl","price":"7,49 €","pricePerUnit":"(9,99 €/l.)","imgUrl":"https://s0.dia.es/medias/hac/h04/9236489437214.jpg"},{"title":"VIÑAS DEL VERO vino blanco DO Somontano botella 75 cl","price":"5,25 €","pricePerUnit":"(7,00 €/l.)","imgUrl":"https://s3.dia.es/medias/h00/h39/9193777233950.jpg"},{"title":"VIÑAS DEL VERO vino blanco gewurtraminer botella 75 cl","price":"10,40 €","pricePerUnit":"(13,87 €/l.)","imgUrl":"https://s3.dia.es/medias/h57/h99/9193795584030.jpg"},{"title":"YLLERA Verdejo vino blanco frizante botella 75 cl","price":"5,95 €","pricePerUnit":"(7,93 €/l.)","imgUrl":"https://s3.dia.es/medias/hbc/hb6/9321132720158.jpg"},{"title":"YLLERA vino blanco DO Rueda botella 75 cl","price":"5,35 €","pricePerUnit":"(7,13 €/l.)","imgUrl":"https://s1.dia.es/medias/h25/h56/9321131737118.jpg"}]},"aragon":{"categoryUrl":"/compra-online/productos/bebidas/vinos-blancos/aragon/c/WEB.008.068.00459","products":[{"title":"VIÑAS DEL VERO vino blanco DO Somontano botella 75 cl","price":"5,25 €","pricePerUnit":"(7,00 €/l.)","imgUrl":"https://s3.dia.es/medias/h00/h39/9193777233950.jpg"},{"title":"VIÑAS DEL VERO vino blanco gewurtraminer botella 75 cl","price":"10,40 €","pricePerUnit":"(13,87 €/l.)","imgUrl":"https://s3.dia.es/medias/h57/h99/9193795584030.jpg"}]},"castilla-y-leon":{"categoryUrl":"/compra-online/productos/bebidas/vinos-blancos/castilla-y-leon/c/WEB.008.068.00460","products":[{"title":"BERONIA RUEDA VERDEJO vino blanco botella 75 cl","price":"7,50 €","pricePerUnit":"(10,00 €/l.)","imgUrl":"https://s2.dia.es/medias/h03/hc5/9386040786974.jpg"},{"title":"BLUME vino blanco DO Rueda botella 75 cl","price":"6,99 €","pricePerUnit":"(9,32 €/l.)","imgUrl":"https://s2.dia.es/medias/h8b/hb0/8878467612702.png"},{"title":"BLUME vino blanco DO Rueda botella 75 cl","price":"4,95 €","pricePerUnit":"(6,60 €/l.)","imgUrl":"https://s2.dia.es/medias/hdc/h63/9290421796894.jpg"},{"title":"BLUME vino blanco joven DO Rueda botella 75 cl","price":"4,25 €","pricePerUnit":"(5,67 €/l.)","imgUrl":"https://s0.dia.es/medias/h51/h02/9290401972254.jpg"},{"title":"CUATRO RAYAS vino blanco verdejo DO Rueda botella 75 cl","price":"5,45 €","pricePerUnit":"(7,27 €/l.)","imgUrl":"https://s1.dia.es/medias/hb0/h51/9576941781022.jpg"},{"title":"DUCADO DE ALTAN vino blanco DO rueda botella 75 cl","price":"7,14 €","pricePerUnit":"(9,52 €/l.)","imgUrl":"https://s2.dia.es/medias/hfb/h00/8819011026974.png"},{"title":"EDERRA vino blanco verdejo DO Rueda botella 75 cl","price":"5,45 €","pricePerUnit":"(7,27 €/l.)","imgUrl":"https://s3.dia.es/medias/h25/h23/9062780960798.jpg"},{"title":"EMINA vino blanco verdejo DO Ribera del Duero botella 75 cl","price":"5,49 €","pricePerUnit":"(7,32 €/l.)","imgUrl":"https://s2.dia.es/medias/h40/h96/9305866436638.jpg"},{"title":"ETCETERA vino blanco seco DO Rueda botella 75 cl","price":"4,50 €","pricePerUnit":"(6,00 €/l.)","imgUrl":"https://s1.dia.es/medias/hf0/hf0/9535841533982.jpg"},{"title":"FAUSTINO RIVERO vino blanco chardonnay botella 75 cl","price":"3,40 €","pricePerUnit":"(4,53 €/l.)","imgUrl":"https://s2.dia.es/medias/h8c/hdf/8855056285726.png"},{"title":"FOUR LINES vino blanco verdejo DO Rueda botella 75 cl","price":"4,19 €","pricePerUnit":"(5,59 €/l.)","imgUrl":"https://s1.dia.es/medias/hbf/hc6/9576905670686.jpg"},{"title":"MARQUES DE CÁCERES vino blanco verdejo DO Rueda botella 75 cl","price":"5,45 €","pricePerUnit":"(7,27 €/l.)","imgUrl":"https://s2.dia.es/medias/hd7/hc1/9572741414942.jpg"},{"title":"MONÓLOGO vino blanco DO Rueda botella 75 cl","price":"5,55 €","pricePerUnit":"(7,40 €/l.)","imgUrl":"https://s2.dia.es/medias/hda/h06/9621227503646.jpg"},{"title":"PALACIO DE BORNOS vino blanco verdejo DO Rueda botella 75 cl","price":"5,85 €","pricePerUnit":"(7,80 €/l.)","imgUrl":"https://s3.dia.es/medias/h66/h61/9662456365086.jpg"},{"title":"PALACIO DE BORNOS vino blanco verdejo semi seco DO Rueda botella 75 cl","price":"6,25 €","pricePerUnit":"(8,33 €/l.)","imgUrl":"https://s1.dia.es/medias/hd9/h7b/9535770034206.jpg"},{"title":"VEGA DEL BARON vino blanco DO Rueda botella 75 cl","price":"2,85 €","pricePerUnit":"(3,80 €/l.)","imgUrl":"https://s0.dia.es/medias/h23/h67/8822268592158.png"},{"title":"VEGA DEL BARON vino blanco verdejo DO Rueda botella 75 cl","price":"2,55 €","pricePerUnit":"(3,40 €/l.)","imgUrl":"https://s0.dia.es/medias/h59/had/8823159816222.png"},{"title":"VIÑA ALBALI vino blanco verdejo botella 75 cl","price":"2,69 €","pricePerUnit":"(3,59 €/l.)","imgUrl":"https://s3.dia.es/medias/h6e/h20/9290360979486.jpg"},{"title":"VIÑA MAYOR vino blanco verdejo DO Rueda botella 75 cl","price":"5,89 €","pricePerUnit":"(7,85 €/l.)","imgUrl":"https://s1.dia.es/medias/hb6/h1a/9516269633566.jpg"},{"title":"YLLERA Verdejo vino blanco frizante botella 75 cl","price":"5,95 €","pricePerUnit":"(7,93 €/l.)","imgUrl":"https://s3.dia.es/medias/hbc/hb6/9321132720158.jpg"},{"title":"YLLERA vino blanco DO Rueda botella 75 cl","price":"5,35 €","pricePerUnit":"(7,13 €/l.)","imgUrl":"https://s1.dia.es/medias/h25/h56/9321131737118.jpg"}]},"castillala-mancha":{"categoryUrl":"/compra-online/productos/bebidas/vinos-blancos/castillala-mancha/c/WEB.008.068.00461","products":[{"title":"LOS MOLINOS vino blanco verdejo DO Valdepeñas botella 75 cl","price":"1,96 €","pricePerUnit":"(2,61 €/l.)","imgUrl":"https://s1.dia.es/medias/h4f/hf3/9621751726110.jpg"}]},"cataluna":{"categoryUrl":"/compra-online/productos/bebidas/vinos-blancos/cataluna/c/WEB.008.068.00462","products":[{"title":"BACH EXTRISIMO vino blanco semidulce DO Penedes botella  75 cl","price":"4,44 €","pricePerUnit":"(5,92 €/l.)","imgUrl":"https://s3.dia.es/medias/h41/h24/9539698884638.jpg"},{"title":"CANEI vino blanco frizante botella 75 cl","price":"4,25 €","pricePerUnit":"(5,67 €/l.)","imgUrl":"https://s1.dia.es/medias/h62/hb3/8879484272670.png"},{"title":"CASTILLO PERELADA vino blanco collection DO Cataluña botella 75 cl","price":"9,95 €","pricePerUnit":"(13,27 €/l.)","imgUrl":"https://s1.dia.es/medias/h02/haf/9241456640030.jpg"},{"title":"CODORNEW vino blanco verdejo frizz 5.5 botella 75 cl","price":"7,49 €","pricePerUnit":"(9,99 €/l.)","imgUrl":"https://s2.dia.es/medias/h7a/hc2/9093096996894.jpg"},{"title":"PESCADOR CASTILLO DE PERELADA vino blanco botella 75 cl","price":"3,65 €","pricePerUnit":"(4,87 €/l.)","imgUrl":"https://s1.dia.es/medias/h64/h29/9092181295134.jpg"},{"title":"SOLEILL DE FLIX vino blanco semidulce DO Penedes botella 75 cl","price":"2,85 €","pricePerUnit":"(3,80 €/l.)","imgUrl":"https://s2.dia.es/medias/h7d/h38/9026378956830.jpg"},{"title":"VIÑA ESMERALDA vino blanco DO Catalula botella 75 cl","price":"8,26 €","pricePerUnit":"(11,01 €/l.)","imgUrl":"https://s3.dia.es/medias/hd8/h67/9550059864094.jpg"},{"title":"VIÑA SOL vino blanco DO Catalula botella 75 cl","price":"6,18 €","pricePerUnit":"(8,24 €/l.)","imgUrl":"https://s3.dia.es/medias/h2d/hf0/9665613824030.jpg"},{"title":"VIÑAS DE ANNA vino blanco DO Cataluña botella 75 cl","price":"7,49 €","pricePerUnit":"(9,99 €/l.)","imgUrl":"https://s0.dia.es/medias/hac/h04/9236489437214.jpg"}]},"galicia":{"categoryUrl":"/compra-online/productos/bebidas/vinos-blancos/galicia/c/WEB.008.068.00463","products":[{"title":"DEPENDE vino blanco albariño de Galicia botella 75 cl","price":"6,99 €","pricePerUnit":"(9,32 €/l.)","imgUrl":"https://s1.dia.es/medias/h6e/ha9/9535857917982.jpg"},{"title":"LAGAR DE BOUZA vino blanco albariño DO Rias Baixas botella 75 cl","price":"5,49 €","pricePerUnit":"(7,32 €/l.)","imgUrl":"https://s0.dia.es/medias/h0d/h57/8873182494750.jpg"},{"title":"LUSCO vino blanco Do Riax Baixas botella 75 cl","price":"14,79 €","pricePerUnit":"(19,72 €/l.)","imgUrl":"https://s2.dia.es/medias/h22/hbd/9361935335454.jpg"},{"title":"MAR DE FRADES vino blanco albariño DO Rias Baixas botella 75 cl","price":"15,29 €","pricePerUnit":"(20,39 €/l.)","imgUrl":"https://s0.dia.es/medias/hd7/h09/9026342289438.jpg"},{"title":"MONTE XIABRE vino blanco albariño DO Rias Baixas botella 75 cl","price":"5,22 €","pricePerUnit":"(6,96 €/l.)","imgUrl":"https://s2.dia.es/medias/h2d/h31/8834356346910.png"},{"title":"ORBALLO vino blanco albariño DO Rias Baixas botella 75 cl","price":"6,59 €","pricePerUnit":"(8,79 €/l.)","imgUrl":"https://s0.dia.es/medias/h0a/h94/8833906311198.png"},{"title":"PAZO vino blanco DO Ribeiro 75 cl","price":"4,31 €","pricePerUnit":"(5,75 €/l.)","imgUrl":"https://s1.dia.es/medias/h80/hcc/9358052360222.jpg"},{"title":"VIÑA BEMPOSTA vino blanco albariño DO Rias Baixas botella 75 cl","price":"6,25 €","pricePerUnit":"(8,33 €/l.)","imgUrl":"https://s1.dia.es/medias/h78/h4b/8879499313182.png"},{"title":"VIÑA COSTEIRA vino blanco DO Ribeiro botella 75 cl","price":"6,03 €","pricePerUnit":"(8,04 €/l.)","imgUrl":"https://s1.dia.es/medias/hc5/he9/9322199449630.jpg"}]},"rioja":{"categoryUrl":"/compra-online/productos/bebidas/vinos-blancos/rioja/c/WEB.008.068.00469","products":[{"title":"DIAMANTE Vino blanco semidulce DO Rioja 75 cl","price":"4,39 €","pricePerUnit":"(5,85 €/l.)"},{"title":"EL COTO vino blanco rioja botella 75 cl","price":"3,85 €","pricePerUnit":"(5,13 €/l.)","imgUrl":"https://s0.dia.es/medias/he3/h71/9030046220318.jpg"},{"title":"MARQUÉS DE LA CONCORDIA vino blanco DO Rioja botella 75 cl","price":"5,95 €","pricePerUnit":"(7,93 €/l.)","imgUrl":"https://s0.dia.es/medias/h78/h6e/9375259066398.jpg"},{"title":"SEÑORIO DE ONDAS Vino blanco semidulce DO Rioja 75 cl","price":"2,35 €","pricePerUnit":"(3,13 €/l.)","imgUrl":"https://s1.dia.es/medias/h2c/hc3/8823113678878.png"}]},"valencia":{"categoryUrl":"/compra-online/productos/bebidas/vinos-blancos/valencia/c/WEB.008.068.00470","products":[{"title":"BACH EXTRISIMO vino blanco semidulce DO Penedes botella  75 cl","price":"4,44 €","pricePerUnit":"(5,92 €/l.)","imgUrl":"https://s3.dia.es/medias/h41/h24/9539698884638.jpg"},{"title":"BACH vino blanco let it frizz botella 75 cl","price":"5,35 €","pricePerUnit":"(7,13 €/l.)","imgUrl":"https://s0.dia.es/medias/haa/h9a/9236585971742.jpg"},{"title":"BERONIA RUEDA VERDEJO vino blanco botella 75 cl","price":"7,50 €","pricePerUnit":"(10,00 €/l.)","imgUrl":"https://s2.dia.es/medias/h03/hc5/9386040786974.jpg"},{"title":"BLUME vino blanco DO Rueda botella 75 cl","price":"6,99 €","pricePerUnit":"(9,32 €/l.)","imgUrl":"https://s2.dia.es/medias/h8b/hb0/8878467612702.png"},{"title":"BLUME vino blanco DO Rueda botella 75 cl","price":"4,95 €","pricePerUnit":"(6,60 €/l.)","imgUrl":"https://s2.dia.es/medias/hdc/h63/9290421796894.jpg"},{"title":"BLUME vino blanco joven DO Rueda botella 75 cl","price":"4,25 €","pricePerUnit":"(5,67 €/l.)","imgUrl":"https://s0.dia.es/medias/h51/h02/9290401972254.jpg"},{"title":"CANEI vino blanco frizante botella 75 cl","price":"4,25 €","pricePerUnit":"(5,67 €/l.)","imgUrl":"https://s1.dia.es/medias/h62/hb3/8879484272670.png"},{"title":"CASTILLO DE VELASCO vino blanco envase 1 lt","price":"0,99 €","pricePerUnit":"(0,99 €/l.)","imgUrl":"https://s1.dia.es/medias/hfd/h58/8834918645790.png"},{"title":"CASTILLO PERELADA vino blanco collection DO Cataluña botella 75 cl","price":"9,95 €","pricePerUnit":"(13,27 €/l.)","imgUrl":"https://s1.dia.es/medias/h02/haf/9241456640030.jpg"},{"title":"CODORNEW vino blanco verdejo frizz 5.5 botella 75 cl","price":"7,49 €","pricePerUnit":"(9,99 €/l.)","imgUrl":"https://s2.dia.es/medias/h7a/hc2/9093096996894.jpg"},{"title":"CUATRO RAYAS vino blanco verdejo DO Rueda botella 75 cl","price":"5,45 €","pricePerUnit":"(7,27 €/l.)","imgUrl":"https://s1.dia.es/medias/hb0/h51/9576941781022.jpg"},{"title":"CUMBRES DE GREDOS vino blanco envase 1 lt","price":"1,45 €","pricePerUnit":"(1,45 €/l.)","imgUrl":"https://s2.dia.es/medias/h75/h0b/9092094689310.jpg"},{"title":"DEPENDE vino blanco albariño de Galicia botella 75 cl","price":"6,99 €","pricePerUnit":"(9,32 €/l.)","imgUrl":"https://s1.dia.es/medias/h6e/ha9/9535857917982.jpg"},{"title":"DIAMANTE Vino blanco semidulce DO Rioja 75 cl","price":"4,39 €","pricePerUnit":"(5,85 €/l.)"},{"title":"DON SIMON vino blanco pack 3 unidades 180 ml","price":"1,28 €","pricePerUnit":"(2,28 €/l.)","imgUrl":"https://s0.dia.es/medias/ha9/h67/9334639362078.jpg"},{"title":"DUCADO DE ALTAN vino blanco DO rueda botella 75 cl","price":"7,14 €","pricePerUnit":"(9,52 €/l.)","imgUrl":"https://s2.dia.es/medias/hfb/h00/8819011026974.png"},{"title":"EDERRA vino blanco verdejo DO Rueda botella 75 cl","price":"5,45 €","pricePerUnit":"(7,27 €/l.)","imgUrl":"https://s3.dia.es/medias/h25/h23/9062780960798.jpg"},{"title":"EL COTO vino blanco rioja botella 75 cl","price":"3,85 €","pricePerUnit":"(5,13 €/l.)","imgUrl":"https://s0.dia.es/medias/he3/h71/9030046220318.jpg"},{"title":"EMINA vino blanco verdejo DO Ribera del Duero botella 75 cl","price":"5,49 €","pricePerUnit":"(7,32 €/l.)","imgUrl":"https://s2.dia.es/medias/h40/h96/9305866436638.jpg"},{"title":"ETCETERA vino blanco seco DO Rueda botella 75 cl","price":"4,50 €","pricePerUnit":"(6,00 €/l.)","imgUrl":"https://s1.dia.es/medias/hf0/hf0/9535841533982.jpg"},{"title":"FAUSTINO RIVERO vino blanco chardonnay botella 75 cl","price":"3,40 €","pricePerUnit":"(4,53 €/l.)","imgUrl":"https://s2.dia.es/medias/h8c/hdf/8855056285726.png"},{"title":"FAUSTINO RIVERO vino blanco semidulce Do Castilla botella 75 cl","price":"3,40 €","pricePerUnit":"(4,53 €/l.)","imgUrl":"https://s1.dia.es/medias/h7b/h16/9517531660318.jpg"},{"title":"FAUSTINO RIVERO vino blanco verdejo Do Castilla botella 75 cl","price":"3,40 €","pricePerUnit":"(4,53 €/l.)","imgUrl":"https://s0.dia.es/medias/h67/h00/8958597726238.png"},{"title":"FOUR LINES vino blanco verdejo DO Rueda botella 75 cl","price":"4,19 €","pricePerUnit":"(5,59 €/l.)","imgUrl":"https://s1.dia.es/medias/hbf/hc6/9576905670686.jpg"},{"title":"GRAN CHEF vino blanco para cocinar botella 75 cl","price":"3,49 €","pricePerUnit":"(4,65 €/l.)","imgUrl":"https://s1.dia.es/medias/h46/h3a/8984737284126.jpg"},{"title":"GREGO vino blanco moscatel seco DO Madrid botella 75 cl","price":"9,75 €","pricePerUnit":"(13,00 €/l.)","imgUrl":"https://s0.dia.es/medias/hf7/h9c/9326245249054.jpg"},{"title":"LAGAR DE BOUZA vino blanco albariño DO Rias Baixas botella 75 cl","price":"5,49 €","pricePerUnit":"(7,32 €/l.)","imgUrl":"https://s0.dia.es/medias/h0d/h57/8873182494750.jpg"},{"title":"LOS MOLINOS vino blanco verdejo DO Valdepeñas botella 75 cl","price":"1,96 €","pricePerUnit":"(2,61 €/l.)","imgUrl":"https://s1.dia.es/medias/h4f/hf3/9621751726110.jpg"},{"title":"LUSCO vino blanco Do Riax Baixas botella 75 cl","price":"14,79 €","pricePerUnit":"(19,72 €/l.)","imgUrl":"https://s2.dia.es/medias/h22/hbd/9361935335454.jpg"},{"title":"MAR DE FRADES vino blanco albariño DO Rias Baixas botella 75 cl","price":"15,29 €","pricePerUnit":"(20,39 €/l.)","imgUrl":"https://s0.dia.es/medias/hd7/h09/9026342289438.jpg"},{"title":"MARQUES DE CÁCERES vino blanco verdejo DO Rueda botella 75 cl","price":"5,45 €","pricePerUnit":"(7,27 €/l.)","imgUrl":"https://s2.dia.es/medias/hd7/hc1/9572741414942.jpg"},{"title":"MARQUÉS DE LA CONCORDIA vino blanco DO Rioja botella 75 cl","price":"5,95 €","pricePerUnit":"(7,93 €/l.)","imgUrl":"https://s0.dia.es/medias/h78/h6e/9375259066398.jpg"},{"title":"MONTE XIABRE vino blanco albariño DO Rias Baixas botella 75 cl","price":"5,22 €","pricePerUnit":"(6,96 €/l.)","imgUrl":"https://s2.dia.es/medias/h2d/h31/8834356346910.png"},{"title":"MONÓLOGO vino blanco DO Rueda botella 75 cl","price":"5,55 €","pricePerUnit":"(7,40 €/l.)","imgUrl":"https://s2.dia.es/medias/hda/h06/9621227503646.jpg"},{"title":"ORBALLO vino blanco albariño DO Rias Baixas botella 75 cl","price":"6,59 €","pricePerUnit":"(8,79 €/l.)","imgUrl":"https://s0.dia.es/medias/h0a/h94/8833906311198.png"},{"title":"PALACIO DE BORNOS vino blanco verdejo DO Rueda botella 75 cl","price":"5,85 €","pricePerUnit":"(7,80 €/l.)","imgUrl":"https://s3.dia.es/medias/h66/h61/9662456365086.jpg"},{"title":"PALACIO DE BORNOS vino blanco verdejo semi seco DO Rueda botella 75 cl","price":"6,25 €","pricePerUnit":"(8,33 €/l.)","imgUrl":"https://s1.dia.es/medias/hd9/h7b/9535770034206.jpg"},{"title":"PAZO vino blanco DO Ribeiro 75 cl","price":"4,31 €","pricePerUnit":"(5,75 €/l.)","imgUrl":"https://s1.dia.es/medias/h80/hcc/9358052360222.jpg"},{"title":"PESCADOR CASTILLO DE PERELADA vino blanco botella 75 cl","price":"3,65 €","pricePerUnit":"(4,87 €/l.)","imgUrl":"https://s1.dia.es/medias/h64/h29/9092181295134.jpg"},{"title":"SEÑORIO DE ONDAS Vino blanco semidulce DO Rioja 75 cl","price":"2,35 €","pricePerUnit":"(3,13 €/l.)","imgUrl":"https://s1.dia.es/medias/h2c/hc3/8823113678878.png"},{"title":"SOLEILL DE FLIX vino blanco semidulce DO Penedes botella 75 cl","price":"2,85 €","pricePerUnit":"(3,80 €/l.)","imgUrl":"https://s2.dia.es/medias/h7d/h38/9026378956830.jpg"},{"title":"VEGA DEL BARON vino blanco DO Rueda botella 75 cl","price":"2,85 €","pricePerUnit":"(3,80 €/l.)","imgUrl":"https://s0.dia.es/medias/h23/h67/8822268592158.png"},{"title":"VEGA DEL BARON vino blanco verdejo DO Rueda botella 75 cl","price":"2,55 €","pricePerUnit":"(3,40 €/l.)","imgUrl":"https://s0.dia.es/medias/h59/had/8823159816222.png"},{"title":"VIÑA ALBALI vino blanco verdejo botella 75 cl","price":"2,69 €","pricePerUnit":"(3,59 €/l.)","imgUrl":"https://s3.dia.es/medias/h6e/h20/9290360979486.jpg"},{"title":"VIÑA BEMPOSTA vino blanco albariño DO Rias Baixas botella 75 cl","price":"6,25 €","pricePerUnit":"(8,33 €/l.)","imgUrl":"https://s1.dia.es/medias/h78/h4b/8879499313182.png"},{"title":"VIÑA COSTEIRA vino blanco DO Ribeiro botella 75 cl","price":"6,03 €","pricePerUnit":"(8,04 €/l.)","imgUrl":"https://s1.dia.es/medias/hc5/he9/9322199449630.jpg"},{"title":"VIÑA ESMERALDA vino blanco DO Catalula botella 75 cl","price":"8,26 €","pricePerUnit":"(11,01 €/l.)","imgUrl":"https://s3.dia.es/medias/hd8/h67/9550059864094.jpg"},{"title":"VIÑA MAYOR vino blanco verdejo DO Rueda botella 75 cl","price":"5,89 €","pricePerUnit":"(7,85 €/l.)","imgUrl":"https://s1.dia.es/medias/hb6/h1a/9516269633566.jpg"},{"title":"VIÑA SOL vino blanco DO Catalula botella 75 cl","price":"6,18 €","pricePerUnit":"(8,24 €/l.)","imgUrl":"https://s3.dia.es/medias/h2d/hf0/9665613824030.jpg"},{"title":"VIÑAS DE ANNA vino blanco DO Cataluña botella 75 cl","price":"7,49 €","pricePerUnit":"(9,99 €/l.)","imgUrl":"https://s0.dia.es/medias/hac/h04/9236489437214.jpg"},{"title":"VIÑAS DEL VERO vino blanco DO Somontano botella 75 cl","price":"5,25 €","pricePerUnit":"(7,00 €/l.)","imgUrl":"https://s3.dia.es/medias/h00/h39/9193777233950.jpg"},{"title":"VIÑAS DEL VERO vino blanco gewurtraminer botella 75 cl","price":"10,40 €","pricePerUnit":"(13,87 €/l.)","imgUrl":"https://s3.dia.es/medias/h57/h99/9193795584030.jpg"},{"title":"YLLERA Verdejo vino blanco frizante botella 75 cl","price":"5,95 €","pricePerUnit":"(7,93 €/l.)","imgUrl":"https://s3.dia.es/medias/hbc/hb6/9321132720158.jpg"},{"title":"YLLERA vino blanco DO Rueda botella 75 cl","price":"5,35 €","pricePerUnit":"(7,13 €/l.)","imgUrl":"https://s1.dia.es/medias/h25/h56/9321131737118.jpg"}]},"otros-nacional":{"categoryUrl":"/compra-online/productos/bebidas/vinos-blancos/otros-nacional/c/WEB.008.068.00467","products":[{"title":"BACH vino blanco let it frizz botella 75 cl","price":"5,35 €","pricePerUnit":"(7,13 €/l.)","imgUrl":"https://s0.dia.es/medias/haa/h9a/9236585971742.jpg"},{"title":"FAUSTINO RIVERO vino blanco semidulce Do Castilla botella 75 cl","price":"3,40 €","pricePerUnit":"(4,53 €/l.)","imgUrl":"https://s1.dia.es/medias/h7b/h16/9517531660318.jpg"},{"title":"FAUSTINO RIVERO vino blanco verdejo Do Castilla botella 75 cl","price":"3,40 €","pricePerUnit":"(4,53 €/l.)","imgUrl":"https://s0.dia.es/medias/h67/h00/8958597726238.png"},{"title":"GREGO vino blanco moscatel seco DO Madrid botella 75 cl","price":"9,75 €","pricePerUnit":"(13,00 €/l.)","imgUrl":"https://s0.dia.es/medias/hf7/h9c/9326245249054.jpg"}]},"internacional":{"categoryUrl":"/compra-online/productos/bebidas/vinos-blancos/internacional/c/WEB.008.068.00464","products":[{"title":"BACH EXTRISIMO vino blanco semidulce DO Penedes botella  75 cl","price":"4,44 €","pricePerUnit":"(5,92 €/l.)","imgUrl":"https://s3.dia.es/medias/h41/h24/9539698884638.jpg"},{"title":"BACH vino blanco let it frizz botella 75 cl","price":"5,35 €","pricePerUnit":"(7,13 €/l.)","imgUrl":"https://s0.dia.es/medias/haa/h9a/9236585971742.jpg"},{"title":"BERONIA RUEDA VERDEJO vino blanco botella 75 cl","price":"7,50 €","pricePerUnit":"(10,00 €/l.)","imgUrl":"https://s2.dia.es/medias/h03/hc5/9386040786974.jpg"},{"title":"BLUME vino blanco DO Rueda botella 75 cl","price":"6,99 €","pricePerUnit":"(9,32 €/l.)","imgUrl":"https://s2.dia.es/medias/h8b/hb0/8878467612702.png"},{"title":"BLUME vino blanco DO Rueda botella 75 cl","price":"4,95 €","pricePerUnit":"(6,60 €/l.)","imgUrl":"https://s2.dia.es/medias/hdc/h63/9290421796894.jpg"},{"title":"BLUME vino blanco joven DO Rueda botella 75 cl","price":"4,25 €","pricePerUnit":"(5,67 €/l.)","imgUrl":"https://s0.dia.es/medias/h51/h02/9290401972254.jpg"},{"title":"CANEI vino blanco frizante botella 75 cl","price":"4,25 €","pricePerUnit":"(5,67 €/l.)","imgUrl":"https://s1.dia.es/medias/h62/hb3/8879484272670.png"},{"title":"CASTILLO DE VELASCO vino blanco envase 1 lt","price":"0,99 €","pricePerUnit":"(0,99 €/l.)","imgUrl":"https://s1.dia.es/medias/hfd/h58/8834918645790.png"},{"title":"CASTILLO PERELADA vino blanco collection DO Cataluña botella 75 cl","price":"9,95 €","pricePerUnit":"(13,27 €/l.)","imgUrl":"https://s1.dia.es/medias/h02/haf/9241456640030.jpg"},{"title":"CODORNEW vino blanco verdejo frizz 5.5 botella 75 cl","price":"7,49 €","pricePerUnit":"(9,99 €/l.)","imgUrl":"https://s2.dia.es/medias/h7a/hc2/9093096996894.jpg"},{"title":"CUATRO RAYAS vino blanco verdejo DO Rueda botella 75 cl","price":"5,45 €","pricePerUnit":"(7,27 €/l.)","imgUrl":"https://s1.dia.es/medias/hb0/h51/9576941781022.jpg"},{"title":"CUMBRES DE GREDOS vino blanco envase 1 lt","price":"1,45 €","pricePerUnit":"(1,45 €/l.)","imgUrl":"https://s2.dia.es/medias/h75/h0b/9092094689310.jpg"},{"title":"DEPENDE vino blanco albariño de Galicia botella 75 cl","price":"6,99 €","pricePerUnit":"(9,32 €/l.)","imgUrl":"https://s1.dia.es/medias/h6e/ha9/9535857917982.jpg"},{"title":"DIAMANTE Vino blanco semidulce DO Rioja 75 cl","price":"4,39 €","pricePerUnit":"(5,85 €/l.)"},{"title":"DON SIMON vino blanco pack 3 unidades 180 ml","price":"1,28 €","pricePerUnit":"(2,28 €/l.)","imgUrl":"https://s0.dia.es/medias/ha9/h67/9334639362078.jpg"},{"title":"DUCADO DE ALTAN vino blanco DO rueda botella 75 cl","price":"7,14 €","pricePerUnit":"(9,52 €/l.)","imgUrl":"https://s2.dia.es/medias/hfb/h00/8819011026974.png"},{"title":"EDERRA vino blanco verdejo DO Rueda botella 75 cl","price":"5,45 €","pricePerUnit":"(7,27 €/l.)","imgUrl":"https://s3.dia.es/medias/h25/h23/9062780960798.jpg"},{"title":"EL COTO vino blanco rioja botella 75 cl","price":"3,85 €","pricePerUnit":"(5,13 €/l.)","imgUrl":"https://s0.dia.es/medias/he3/h71/9030046220318.jpg"},{"title":"EMINA vino blanco verdejo DO Ribera del Duero botella 75 cl","price":"5,49 €","pricePerUnit":"(7,32 €/l.)","imgUrl":"https://s2.dia.es/medias/h40/h96/9305866436638.jpg"},{"title":"ETCETERA vino blanco seco DO Rueda botella 75 cl","price":"4,50 €","pricePerUnit":"(6,00 €/l.)","imgUrl":"https://s1.dia.es/medias/hf0/hf0/9535841533982.jpg"},{"title":"FAUSTINO RIVERO vino blanco chardonnay botella 75 cl","price":"3,40 €","pricePerUnit":"(4,53 €/l.)","imgUrl":"https://s2.dia.es/medias/h8c/hdf/8855056285726.png"},{"title":"FAUSTINO RIVERO vino blanco semidulce Do Castilla botella 75 cl","price":"3,40 €","pricePerUnit":"(4,53 €/l.)","imgUrl":"https://s1.dia.es/medias/h7b/h16/9517531660318.jpg"},{"title":"FAUSTINO RIVERO vino blanco verdejo Do Castilla botella 75 cl","price":"3,40 €","pricePerUnit":"(4,53 €/l.)","imgUrl":"https://s0.dia.es/medias/h67/h00/8958597726238.png"},{"title":"FOUR LINES vino blanco verdejo DO Rueda botella 75 cl","price":"4,19 €","pricePerUnit":"(5,59 €/l.)","imgUrl":"https://s1.dia.es/medias/hbf/hc6/9576905670686.jpg"},{"title":"GRAN CHEF vino blanco para cocinar botella 75 cl","price":"3,49 €","pricePerUnit":"(4,65 €/l.)","imgUrl":"https://s1.dia.es/medias/h46/h3a/8984737284126.jpg"},{"title":"GREGO vino blanco moscatel seco DO Madrid botella 75 cl","price":"9,75 €","pricePerUnit":"(13,00 €/l.)","imgUrl":"https://s0.dia.es/medias/hf7/h9c/9326245249054.jpg"},{"title":"LAGAR DE BOUZA vino blanco albariño DO Rias Baixas botella 75 cl","price":"5,49 €","pricePerUnit":"(7,32 €/l.)","imgUrl":"https://s0.dia.es/medias/h0d/h57/8873182494750.jpg"},{"title":"LOS MOLINOS vino blanco verdejo DO Valdepeñas botella 75 cl","price":"1,96 €","pricePerUnit":"(2,61 €/l.)","imgUrl":"https://s1.dia.es/medias/h4f/hf3/9621751726110.jpg"},{"title":"LUSCO vino blanco Do Riax Baixas botella 75 cl","price":"14,79 €","pricePerUnit":"(19,72 €/l.)","imgUrl":"https://s2.dia.es/medias/h22/hbd/9361935335454.jpg"},{"title":"MAR DE FRADES vino blanco albariño DO Rias Baixas botella 75 cl","price":"15,29 €","pricePerUnit":"(20,39 €/l.)","imgUrl":"https://s0.dia.es/medias/hd7/h09/9026342289438.jpg"},{"title":"MARQUES DE CÁCERES vino blanco verdejo DO Rueda botella 75 cl","price":"5,45 €","pricePerUnit":"(7,27 €/l.)","imgUrl":"https://s2.dia.es/medias/hd7/hc1/9572741414942.jpg"},{"title":"MARQUÉS DE LA CONCORDIA vino blanco DO Rioja botella 75 cl","price":"5,95 €","pricePerUnit":"(7,93 €/l.)","imgUrl":"https://s0.dia.es/medias/h78/h6e/9375259066398.jpg"},{"title":"MONTE XIABRE vino blanco albariño DO Rias Baixas botella 75 cl","price":"5,22 €","pricePerUnit":"(6,96 €/l.)","imgUrl":"https://s2.dia.es/medias/h2d/h31/8834356346910.png"},{"title":"MONÓLOGO vino blanco DO Rueda botella 75 cl","price":"5,55 €","pricePerUnit":"(7,40 €/l.)","imgUrl":"https://s2.dia.es/medias/hda/h06/9621227503646.jpg"},{"title":"ORBALLO vino blanco albariño DO Rias Baixas botella 75 cl","price":"6,59 €","pricePerUnit":"(8,79 €/l.)","imgUrl":"https://s0.dia.es/medias/h0a/h94/8833906311198.png"},{"title":"PALACIO DE BORNOS vino blanco verdejo DO Rueda botella 75 cl","price":"5,85 €","pricePerUnit":"(7,80 €/l.)","imgUrl":"https://s3.dia.es/medias/h66/h61/9662456365086.jpg"},{"title":"PALACIO DE BORNOS vino blanco verdejo semi seco DO Rueda botella 75 cl","price":"6,25 €","pricePerUnit":"(8,33 €/l.)","imgUrl":"https://s1.dia.es/medias/hd9/h7b/9535770034206.jpg"},{"title":"PAZO vino blanco DO Ribeiro 75 cl","price":"4,31 €","pricePerUnit":"(5,75 €/l.)","imgUrl":"https://s1.dia.es/medias/h80/hcc/9358052360222.jpg"},{"title":"PESCADOR CASTILLO DE PERELADA vino blanco botella 75 cl","price":"3,65 €","pricePerUnit":"(4,87 €/l.)","imgUrl":"https://s1.dia.es/medias/h64/h29/9092181295134.jpg"},{"title":"SEÑORIO DE ONDAS Vino blanco semidulce DO Rioja 75 cl","price":"2,35 €","pricePerUnit":"(3,13 €/l.)","imgUrl":"https://s1.dia.es/medias/h2c/hc3/8823113678878.png"},{"title":"SOLEILL DE FLIX vino blanco semidulce DO Penedes botella 75 cl","price":"2,85 €","pricePerUnit":"(3,80 €/l.)","imgUrl":"https://s2.dia.es/medias/h7d/h38/9026378956830.jpg"},{"title":"VEGA DEL BARON vino blanco DO Rueda botella 75 cl","price":"2,85 €","pricePerUnit":"(3,80 €/l.)","imgUrl":"https://s0.dia.es/medias/h23/h67/8822268592158.png"},{"title":"VEGA DEL BARON vino blanco verdejo DO Rueda botella 75 cl","price":"2,55 €","pricePerUnit":"(3,40 €/l.)","imgUrl":"https://s0.dia.es/medias/h59/had/8823159816222.png"},{"title":"VIÑA ALBALI vino blanco verdejo botella 75 cl","price":"2,69 €","pricePerUnit":"(3,59 €/l.)","imgUrl":"https://s3.dia.es/medias/h6e/h20/9290360979486.jpg"},{"title":"VIÑA BEMPOSTA vino blanco albariño DO Rias Baixas botella 75 cl","price":"6,25 €","pricePerUnit":"(8,33 €/l.)","imgUrl":"https://s1.dia.es/medias/h78/h4b/8879499313182.png"},{"title":"VIÑA COSTEIRA vino blanco DO Ribeiro botella 75 cl","price":"6,03 €","pricePerUnit":"(8,04 €/l.)","imgUrl":"https://s1.dia.es/medias/hc5/he9/9322199449630.jpg"},{"title":"VIÑA ESMERALDA vino blanco DO Catalula botella 75 cl","price":"8,26 €","pricePerUnit":"(11,01 €/l.)","imgUrl":"https://s3.dia.es/medias/hd8/h67/9550059864094.jpg"},{"title":"VIÑA MAYOR vino blanco verdejo DO Rueda botella 75 cl","price":"5,89 €","pricePerUnit":"(7,85 €/l.)","imgUrl":"https://s1.dia.es/medias/hb6/h1a/9516269633566.jpg"},{"title":"VIÑA SOL vino blanco DO Catalula botella 75 cl","price":"6,18 €","pricePerUnit":"(8,24 €/l.)","imgUrl":"https://s3.dia.es/medias/h2d/hf0/9665613824030.jpg"},{"title":"VIÑAS DE ANNA vino blanco DO Cataluña botella 75 cl","price":"7,49 €","pricePerUnit":"(9,99 €/l.)","imgUrl":"https://s0.dia.es/medias/hac/h04/9236489437214.jpg"},{"title":"VIÑAS DEL VERO vino blanco DO Somontano botella 75 cl","price":"5,25 €","pricePerUnit":"(7,00 €/l.)","imgUrl":"https://s3.dia.es/medias/h00/h39/9193777233950.jpg"},{"title":"VIÑAS DEL VERO vino blanco gewurtraminer botella 75 cl","price":"10,40 €","pricePerUnit":"(13,87 €/l.)","imgUrl":"https://s3.dia.es/medias/h57/h99/9193795584030.jpg"},{"title":"YLLERA Verdejo vino blanco frizante botella 75 cl","price":"5,95 €","pricePerUnit":"(7,93 €/l.)","imgUrl":"https://s3.dia.es/medias/hbc/hb6/9321132720158.jpg"},{"title":"YLLERA vino blanco DO Rueda botella 75 cl","price":"5,35 €","pricePerUnit":"(7,13 €/l.)","imgUrl":"https://s1.dia.es/medias/h25/h56/9321131737118.jpg"}]},"mesa":{"categoryUrl":"/compra-online/productos/bebidas/vinos-blancos/mesa/c/WEB.008.068.00465","products":[{"title":"CASTILLO DE VELASCO vino blanco envase 1 lt","price":"0,99 €","pricePerUnit":"(0,99 €/l.)","imgUrl":"https://s1.dia.es/medias/hfd/h58/8834918645790.png"},{"title":"CUMBRES DE GREDOS vino blanco envase 1 lt","price":"1,45 €","pricePerUnit":"(1,45 €/l.)","imgUrl":"https://s2.dia.es/medias/h75/h0b/9092094689310.jpg"},{"title":"DON SIMON vino blanco pack 3 unidades 180 ml","price":"1,28 €","pricePerUnit":"(2,28 €/l.)","imgUrl":"https://s0.dia.es/medias/ha9/h67/9334639362078.jpg"},{"title":"GRAN CHEF vino blanco para cocinar botella 75 cl","price":"3,49 €","pricePerUnit":"(4,65 €/l.)","imgUrl":"https://s1.dia.es/medias/h46/h3a/8984737284126.jpg"}]}},"vinos-rosados":{"name":"Vinosrosados","productTypes":["aragon","castilla-y-leon","castillala-mancha","cataluna","navarra","rioja","otros-nacional","internacional","mesa"],"aragon":{"categoryUrl":"/compra-online/productos/bebidas/vinos-rosados/aragon/c/WEB.008.069.00471","products":[{"title":"VIÑAS DEL VERO vino rosado botella 75 cl","price":"5,25 €","pricePerUnit":"(7,00 €/l.)","imgUrl":"https://s3.dia.es/medias/h4e/hb7/9157483331614.jpg"}]},"castilla-y-leon":{"categoryUrl":"/compra-online/productos/bebidas/vinos-rosados/castilla-y-leon/c/WEB.008.069.00472","products":[{"title":"VAL DE LOS FRAILES vino rosado DO Cigales botella 75 cl","price":"4,99 €","pricePerUnit":"(6,65 €/l.)","imgUrl":"https://s2.dia.es/medias/h4b/h05/9305860538398.jpg"},{"title":"VIÑATORONDOS vino rosado botella 75 cl","price":"2,59 €","pricePerUnit":"(3,45 €/l.)","imgUrl":"https://s0.dia.es/medias/h65/h48/8878410104862.png"}]},"castillala-mancha":{"categoryUrl":"/compra-online/productos/bebidas/vinos-rosados/castillala-mancha/c/WEB.008.069.00473","products":[{"title":"LOS MOLINOS vino rosado botella 75 cl","price":"1,89 €","pricePerUnit":"(2,52 €/l.)","imgUrl":"https://s2.dia.es/medias/h9e/h0a/9374655774750.jpg"}]},"cataluna":{"categoryUrl":"/compra-online/productos/bebidas/vinos-rosados/cataluna/c/WEB.008.069.00474","products":[{"title":"DE CASTA vino rosado DO Cataluña botella 75 cl","price":"4,68 €","pricePerUnit":"(6,24 €/l.)","imgUrl":"https://s2.dia.es/medias/h36/h64/9513318187038.jpg"},{"title":"PEÑASCAL vino rosado de aguja botella 75 cl","price":"3,59 €","pricePerUnit":"(4,79 €/l.)","imgUrl":"https://s3.dia.es/medias/hdb/h08/9516256788510.jpg"}]},"navarra":{"categoryUrl":"/compra-online/productos/bebidas/vinos-rosados/navarra/c/WEB.008.069.00477","products":[{"title":"DANTE vino rosado lambrusco botella 75 cl","price":"1,79 €","pricePerUnit":"(2,39 €/l.)","imgUrl":"https://s0.dia.es/medias/h48/ha8/8822993027102.png"},{"title":"DE CASTA vino rosado DO Cataluña botella 75 cl","price":"4,68 €","pricePerUnit":"(6,24 €/l.)","imgUrl":"https://s2.dia.es/medias/h36/h64/9513318187038.jpg"},{"title":"EL COTO vino rosado DO Rioja botella 75 cl","price":"3,85 €","pricePerUnit":"(5,13 €/l.)","imgUrl":"https://s0.dia.es/medias/hb4/hd3/9029086216222.jpg"},{"title":"FRISEÉ vino rosado frizzante botella 75 cl","price":"4,35 €","pricePerUnit":"(5,80 €/l.)","imgUrl":"https://s2.dia.es/medias/h9e/h24/9290364911646.jpg"},{"title":"LA ROVERE vino rosado lambrusco botella 75 cl","price":"2,41 €","pricePerUnit":"(3,21 €/l.)","imgUrl":"https://s2.dia.es/medias/hf2/h6e/8889116295198.jpg"},{"title":"LOS MOLINOS vino rosado botella 75 cl","price":"1,89 €","pricePerUnit":"(2,52 €/l.)","imgUrl":"https://s2.dia.es/medias/h9e/h0a/9374655774750.jpg"},{"title":"MARQUES DE CÁCERES vino rosado DO Rioja botella 75 cl","price":"4,95 €","pricePerUnit":"(6,60 €/l.)","imgUrl":"https://s3.dia.es/medias/h07/hc4/9572727357470.jpg"},{"title":"PEÑASCAL vino rosado de aguja botella 75 cl","price":"3,59 €","pricePerUnit":"(4,79 €/l.)","imgUrl":"https://s3.dia.es/medias/hdb/h08/9516256788510.jpg"},{"title":"SEÑORIO DE ONDAS vino rosado DO Rioja botella 75 cl","price":"2,35 €","pricePerUnit":"(3,13 €/l.)","imgUrl":"https://s3.dia.es/medias/he6/hb5/8854932488222.png"},{"title":"VAL DE LOS FRAILES vino rosado DO Cigales botella 75 cl","price":"4,99 €","pricePerUnit":"(6,65 €/l.)","imgUrl":"https://s2.dia.es/medias/h4b/h05/9305860538398.jpg"},{"title":"VIÑAS DEL VERO vino rosado botella 75 cl","price":"5,25 €","pricePerUnit":"(7,00 €/l.)","imgUrl":"https://s3.dia.es/medias/h4e/hb7/9157483331614.jpg"},{"title":"VIÑATORONDOS vino rosado botella 75 cl","price":"2,59 €","pricePerUnit":"(3,45 €/l.)","imgUrl":"https://s0.dia.es/medias/h65/h48/8878410104862.png"},{"title":"YLLERA vino rosado frizzante botella 75 cl","price":"6,29 €","pricePerUnit":"(8,39 €/l.)","imgUrl":"https://s0.dia.es/medias/hee/h4d/9321135996958.jpg"}]},"rioja":{"categoryUrl":"/compra-online/productos/bebidas/vinos-rosados/rioja/c/WEB.008.069.00479","products":[{"title":"EL COTO vino rosado DO Rioja botella 75 cl","price":"3,85 €","pricePerUnit":"(5,13 €/l.)","imgUrl":"https://s0.dia.es/medias/hb4/hd3/9029086216222.jpg"},{"title":"MARQUES DE CÁCERES vino rosado DO Rioja botella 75 cl","price":"4,95 €","pricePerUnit":"(6,60 €/l.)","imgUrl":"https://s3.dia.es/medias/h07/hc4/9572727357470.jpg"},{"title":"SEÑORIO DE ONDAS vino rosado DO Rioja botella 75 cl","price":"2,35 €","pricePerUnit":"(3,13 €/l.)","imgUrl":"https://s3.dia.es/medias/he6/hb5/8854932488222.png"}]},"otros-nacional":{"categoryUrl":"/compra-online/productos/bebidas/vinos-rosados/otros-nacional/c/WEB.008.069.00478","products":[{"title":"FRISEÉ vino rosado frizzante botella 75 cl","price":"4,35 €","pricePerUnit":"(5,80 €/l.)","imgUrl":"https://s2.dia.es/medias/h9e/h24/9290364911646.jpg"},{"title":"YLLERA vino rosado frizzante botella 75 cl","price":"6,29 €","pricePerUnit":"(8,39 €/l.)","imgUrl":"https://s0.dia.es/medias/hee/h4d/9321135996958.jpg"}]},"internacional":{"categoryUrl":"/compra-online/productos/bebidas/vinos-rosados/internacional/c/WEB.008.069.00475","products":[{"title":"DANTE vino rosado lambrusco botella 75 cl","price":"1,79 €","pricePerUnit":"(2,39 €/l.)","imgUrl":"https://s0.dia.es/medias/h48/ha8/8822993027102.png"},{"title":"LA ROVERE vino rosado lambrusco botella 75 cl","price":"2,41 €","pricePerUnit":"(3,21 €/l.)","imgUrl":"https://s2.dia.es/medias/hf2/h6e/8889116295198.jpg"}]},"mesa":{"categoryUrl":"/compra-online/productos/bebidas/vinos-rosados/mesa/c/WEB.008.069.00476","products":[{"title":"DANTE vino rosado lambrusco botella 75 cl","price":"1,79 €","pricePerUnit":"(2,39 €/l.)","imgUrl":"https://s0.dia.es/medias/h48/ha8/8822993027102.png"},{"title":"DE CASTA vino rosado DO Cataluña botella 75 cl","price":"4,68 €","pricePerUnit":"(6,24 €/l.)","imgUrl":"https://s2.dia.es/medias/h36/h64/9513318187038.jpg"},{"title":"EL COTO vino rosado DO Rioja botella 75 cl","price":"3,85 €","pricePerUnit":"(5,13 €/l.)","imgUrl":"https://s0.dia.es/medias/hb4/hd3/9029086216222.jpg"},{"title":"FRISEÉ vino rosado frizzante botella 75 cl","price":"4,35 €","pricePerUnit":"(5,80 €/l.)","imgUrl":"https://s2.dia.es/medias/h9e/h24/9290364911646.jpg"},{"title":"LA ROVERE vino rosado lambrusco botella 75 cl","price":"2,41 €","pricePerUnit":"(3,21 €/l.)","imgUrl":"https://s2.dia.es/medias/hf2/h6e/8889116295198.jpg"},{"title":"LOS MOLINOS vino rosado botella 75 cl","price":"1,89 €","pricePerUnit":"(2,52 €/l.)","imgUrl":"https://s2.dia.es/medias/h9e/h0a/9374655774750.jpg"},{"title":"MARQUES DE CÁCERES vino rosado DO Rioja botella 75 cl","price":"4,95 €","pricePerUnit":"(6,60 €/l.)","imgUrl":"https://s3.dia.es/medias/h07/hc4/9572727357470.jpg"},{"title":"PEÑASCAL vino rosado de aguja botella 75 cl","price":"3,59 €","pricePerUnit":"(4,79 €/l.)","imgUrl":"https://s3.dia.es/medias/hdb/h08/9516256788510.jpg"},{"title":"SEÑORIO DE ONDAS vino rosado DO Rioja botella 75 cl","price":"2,35 €","pricePerUnit":"(3,13 €/l.)","imgUrl":"https://s3.dia.es/medias/he6/hb5/8854932488222.png"},{"title":"VAL DE LOS FRAILES vino rosado DO Cigales botella 75 cl","price":"4,99 €","pricePerUnit":"(6,65 €/l.)","imgUrl":"https://s2.dia.es/medias/h4b/h05/9305860538398.jpg"},{"title":"VIÑAS DEL VERO vino rosado botella 75 cl","price":"5,25 €","pricePerUnit":"(7,00 €/l.)","imgUrl":"https://s3.dia.es/medias/h4e/hb7/9157483331614.jpg"},{"title":"VIÑATORONDOS vino rosado botella 75 cl","price":"2,59 €","pricePerUnit":"(3,45 €/l.)","imgUrl":"https://s0.dia.es/medias/h65/h48/8878410104862.png"},{"title":"YLLERA vino rosado frizzante botella 75 cl","price":"6,29 €","pricePerUnit":"(8,39 €/l.)","imgUrl":"https://s0.dia.es/medias/hee/h4d/9321135996958.jpg"}]}},"vinos-tintos":{"name":"Vinostintos","productTypes":["aragon","castilla-y-leon","castillala-mancha","cataluna","galicia","madrid","navarra","region-de-murcia","rioja","valencia","otros-nacional","internacional","mesa"],"aragon":{"categoryUrl":"/compra-online/productos/bebidas/vinos-tintos/aragon/c/WEB.008.070.00481","products":[{"title":"BORSAO vino tinto botella 75 cl","price":"7,00 €","pricePerUnit":"(9,33 €/l.)","imgUrl":"https://s2.dia.es/medias/hfd/hb8/9092576837662.jpg"},{"title":"BORSAO vino tinto DO Campo de Borja botella 75 cl","price":"2,70 €","pricePerUnit":"(3,60 €/l.)","imgUrl":"https://s3.dia.es/medias/he7/h36/8864541081630.jpg"},{"title":"ENATE vino tinto tempranillo crianza 2010 DO Somontano botella 75 cl","price":"8,50 €","pricePerUnit":"(11,33 €/l.)","imgUrl":"https://s0.dia.es/medias/h8c/hdf/9507682943006.jpg"},{"title":"MONTE ARAGÓN vino tinto botella 75 cl","price":"1,99 €","pricePerUnit":"(2,65 €/l.)","imgUrl":"https://s0.dia.es/medias/h34/he8/8879528214558.png"},{"title":"VIÑAS DEL VERO vino tinto D.O. somontano botella 75cl","price":"5,25 €","pricePerUnit":"(7,00 €/l.)","imgUrl":"https://s0.dia.es/medias/h92/h92/9193791979550.jpg"}]},"castilla-y-leon":{"categoryUrl":"/compra-online/productos/bebidas/vinos-tintos/castilla-y-leon/c/WEB.008.070.00482","products":[{"title":"ALTOS DE TAMARON vino tinto crianza DO Ribera de Duero botella 75 cl","price":"6,99 €","pricePerUnit":"(9,32 €/l.)","imgUrl":"https://s2.dia.es/medias/h51/hb3/9290414096414.jpg"},{"title":"ALTOS DE TAMARON vino tinto reserva DO Ribera de Duero botella 75 cl","price":"13,49 €","pricePerUnit":"(17,99 €/l.)","imgUrl":"https://s0.dia.es/medias/h8c/h95/9621749006366.jpg"},{"title":"ALTOS DE TAMARON vino tinto roble DO Ribera del Duero botella 75 cl","price":"5,74 €","pricePerUnit":"(7,65 €/l.)","imgUrl":"https://s0.dia.es/medias/h8a/hf1/9290414424094.jpg"},{"title":"BAJOZ ROBLE TORO vino tinto botella 75 cl","price":"4,19 €","pricePerUnit":"(5,59 €/l.)","imgUrl":"https://s1.dia.es/medias/h48/hf6/9290421469214.jpg"},{"title":"BAJOZ vino tinto crianza DO Toro botella 75 cl","price":"5,45 €","pricePerUnit":"(7,27 €/l.)","imgUrl":"https://s3.dia.es/medias/h3e/h69/9290364256286.jpg"},{"title":"BAJOZ vino tinto DO Toro botella 75 cl","price":"3,75 €","pricePerUnit":"(5,00 €/l.)","imgUrl":"https://s2.dia.es/medias/hdf/h69/9290392305694.jpg"},{"title":"BRACAMONTE vino tinto DO Ribera del Duero botella 75 cl","price":"10,48 €","pricePerUnit":"(13,97 €/l.)","imgUrl":"https://s0.dia.es/medias/h1c/hf9/9321134358558.jpg"},{"title":"CERCEÑO vino tinto DO Toro botella 75 cl","price":"3,05 €","pricePerUnit":"(4,07 €/l.)","imgUrl":"https://s0.dia.es/medias/had/h73/8879431122974.png"},{"title":"CONDADO DE ORIZA vino tinto Do Ribera del Duero botella 75 cl","price":"10,45 €","pricePerUnit":"(13,93 €/l.)","imgUrl":"https://s2.dia.es/medias/h7a/hbb/9290409836574.jpg"},{"title":"CRUZ DE ALBA vino tinto DO Ribera del Duero botella 75 cl","price":"16,99 €","pricePerUnit":"(22,65 €/l.)","imgUrl":"https://s3.dia.es/medias/hdd/h6f/9326240989214.jpg"},{"title":"CVNE vino tinto roble DO Ribera del Duero botella 75 cl","price":"7,75 €","pricePerUnit":"(10,33 €/l.)","imgUrl":"https://s1.dia.es/medias/h85/h9e/9565885595678.jpg"},{"title":"DURON vino tinto DO ribera duero botella 75 cl","price":"7,46 €","pricePerUnit":"(9,95 €/l.)","imgUrl":"https://s1.dia.es/medias/ha4/h2d/8864146161694.jpg"},{"title":"EMÍNA vino tinto crianza DO Ribera del Duero botella 75 cl","price":"12,95 €","pricePerUnit":"(17,27 €/l.)","imgUrl":"https://s1.dia.es/medias/hef/hf8/9305865453598.jpg"},{"title":"HACIENDA ZORITA vino tinto botella 75 cl","price":"4,49 €","pricePerUnit":"(5,99 €/l.)","imgUrl":"https://s3.dia.es/medias/hf8/h5f/9564759785502.jpg"},{"title":"MATARROMERA vino tinto crianza 2013 DO Ribera del Duero botella 75 cl","price":"18,95 €","pricePerUnit":"(25,27 €/l.)","imgUrl":"https://s1.dia.es/medias/h3f/h44/9305854640158.jpg"},{"title":"MAYOR DE CASTILLA vino tinto roble DO Ribera del Duero botella 75 cl","price":"4,95 €","pricePerUnit":"(6,60 €/l.)","imgUrl":"https://s1.dia.es/medias/hc6/h07/9092044554270.jpg"},{"title":"MELIOR DE MATARROMERA vino tinto roble DO Ribera del Duero botella 75 cl","price":"7,80 €","pricePerUnit":"(10,40 €/l.)","imgUrl":"https://s1.dia.es/medias/h70/h36/9161857597470.jpg"},{"title":"PEÑAMONTE vino tinto DO Toro botella 75 cl","price":"4,95 €","pricePerUnit":"(6,60 €/l.)","imgUrl":"https://s0.dia.es/medias/h40/hb2/9516267208734.jpg"},{"title":"PORTIA CRIANZA vino tinto botella 75 cl","price":"14,47 €","pricePerUnit":"(19,29 €/l.)","imgUrl":"https://s2.dia.es/medias/h4b/h46/9502682447902.jpg"},{"title":"PRADO REY vino tinto DO Ribera del Duero botella 75 cl","price":"12,75 €","pricePerUnit":"(17,00 €/l.)","imgUrl":"https://s3.dia.es/medias/h8d/hd6/9210129023006.jpg"},{"title":"PRADO REY vino tinto roble DO Ribera del Duero botella 75 cl","price":"7,35 €","pricePerUnit":"(9,80 €/l.)","imgUrl":"https://s2.dia.es/medias/h66/h90/9210139181086.jpg"},{"title":"PROTOS CRIANZA vino tinto botella 75 cl","price":"15,95 €","pricePerUnit":"(21,27 €/l.)","imgUrl":"https://s0.dia.es/medias/hb7/h8d/8863932121118.jpg"},{"title":"PROTOS vino tinto reserva DO ribera botella 75 cl","price":"26,25 €","pricePerUnit":"(35,00 €/l.)","imgUrl":"https://s0.dia.es/medias/h16/h8a/9554405752862.jpg"},{"title":"PROTOS vino tinto roble DO Ribera de Duero botella 75 cl","price":"8,87 €","pricePerUnit":"(11,83 €/l.)","imgUrl":"https://s2.dia.es/medias/hf2/he3/8864376782878.jpg"},{"title":"SAN ROMÁN vino tinto DO Toro botella 75 cl","price":"25,50 €","pricePerUnit":"(34,00 €/l.)","imgUrl":"https://s0.dia.es/medias/h66/h8b/8878450835486.png"},{"title":"SEÑORIO DE ONDAS  vino tinto DO Toro botella 75 cl","price":"3,35 €","pricePerUnit":"(4,47 €/l.)","imgUrl":"https://s1.dia.es/medias/h1c/h5f/8823963058206.png"},{"title":"SEÑORIO DE ONDAS vino tinto crianza DO Ribera del Duero botella 75 cl","price":"3,89 €","pricePerUnit":"(5,19 €/l.)","imgUrl":"https://s1.dia.es/medias/h71/hb2/8855003856926.png"},{"title":"SEÑORIO DE ONDAS vino tinto roble DO Toro botella 75 cl","price":"3,65 €","pricePerUnit":"(4,87 €/l.)","imgUrl":"https://s0.dia.es/medias/h1a/h02/9276022915102.jpg"},{"title":"VALDUBON vino tinto roble DO Ribera del Duero botella 75 cl","price":"7,99 €","pricePerUnit":"(10,65 €/l.)","imgUrl":"https://s3.dia.es/medias/h6d/hba/9536047513630.jpg"},{"title":"VEGA VIEJA vino tinto roble DO Ribera de Duero botella 75 cl","price":"6,12 €","pricePerUnit":"(8,16 €/l.)","imgUrl":"https://s1.dia.es/medias/hb5/hcb/9092531093534.jpg"},{"title":"VIÑA MAYOR  vino tinto  DO Ribera de Duero botella 75 cl","price":"6,95 €","pricePerUnit":"(9,27 €/l.)","imgUrl":"https://s3.dia.es/medias/h97/h17/9673792749598.jpg"},{"title":"VIÑA MAYOR vino tinto crianza DO Ribera del Duero botella 75 cl","price":"12,50 €","pricePerUnit":"(16,67 €/l.)","imgUrl":"https://s0.dia.es/medias/hee/h25/9673724657694.jpg"},{"title":"YLLERA vino tinto 12 meses botella 75 cl","price":"6,29 €","pricePerUnit":"(8,39 €/l.)","imgUrl":"https://s0.dia.es/medias/he4/he7/9509507137566.jpg"}]},"castillala-mancha":{"categoryUrl":"/compra-online/productos/bebidas/vinos-tintos/castillala-mancha/c/WEB.008.070.00483","products":[{"title":"ALBALI vino tinto DO Valdepeñas botella 75 cl","price":"2,79 €","pricePerUnit":"(3,72 €/l.)","imgUrl":"https://s1.dia.es/medias/h6e/h96/9290361307166.jpg"},{"title":"BERBERANA vino tinto t&t botella 75 cl","price":"2,69 €\n\t\t\t\t\t\t\t2,29 €","pricePerUnit":"(3,59 €/l.)\n\t\t\t\t\t\t\t (3,05 €/l.)","imgUrl":"https://s3.dia.es/medias/heb/h7c/9564720005150.jpg"},{"title":"LOS MOLINOS vino tinto crianza DO Valdepeñas botella 75 cl","price":"2,69 €","pricePerUnit":"(3,59 €/l.)","imgUrl":"https://s2.dia.es/medias/h0d/h50/9290411802654.jpg"},{"title":"LOS MOLINOS vino tinto DO Valdepeñas botella 75 cl","price":"1,96 €","pricePerUnit":"(2,61 €/l.)","imgUrl":"https://s0.dia.es/medias/h11/hb7/9374658723870.jpg"},{"title":"RIBERA DE ALGODOR vino tinto DO Mancha botella 75 cl","price":"1,45 €","pricePerUnit":"(1,93 €/l.)","imgUrl":"https://s2.dia.es/medias/h04/h2f/8822324690974.png"},{"title":"SEÑORIO DE LOS LLANOS vino tinto crianza DO Valdepeñas botella 75 cl","price":"2,40 €","pricePerUnit":"(3,20 €/l.)","imgUrl":"https://s3.dia.es/medias/hd8/hf3/9158839238686.jpg"},{"title":"VIÑA ALBALI vino tinto crianza DO Valdepeñas botella 75 cl","price":"2,89 €","pricePerUnit":"(3,85 €/l.)","imgUrl":"https://s0.dia.es/medias/h5b/hd5/9290358358046.jpg"},{"title":"VIÑA ALBALI vino tinto gran reserva DO Valdepeñas botella 75 cl","price":"5,85 €","pricePerUnit":"(7,80 €/l.)","imgUrl":"https://s3.dia.es/medias/hf1/h9e/8834362638366.png"},{"title":"VIÑA ALBALI vino tinto reserva DO Valdepeñas botella 75 cl","price":"3,69 €","pricePerUnit":"(4,92 €/l.)","imgUrl":"https://s3.dia.es/medias/h97/h41/9147088666654.jpg"}]},"cataluna":{"categoryUrl":"/compra-online/productos/bebidas/vinos-tintos/cataluna/c/WEB.008.070.00484","products":[{"title":"5 FINQUES vino tinto DO Cataluña botella 75 cl","price":"11,95 €","pricePerUnit":"(15,93 €/l.)","imgUrl":"https://s3.dia.es/medias/h8e/hfd/9326246232094.jpg"},{"title":"COSTERS DEL PRIOR vino tinto DO Priorat botella 75 cl","price":"12,75 €","pricePerUnit":"(17,00 €/l.)","imgUrl":"https://s1.dia.es/medias/h97/h25/9536201654302.jpg"},{"title":"FINCA ESPOLLA vino tinto DO Cataluña botella 75 ml","price":"15,75 €","pricePerUnit":"(21,00 €/l.)","imgUrl":"https://s2.dia.es/medias/h5b/h66/9326294859806.jpg"},{"title":"FINCA MALAVEINA vino tinto DO Cataluña botella 75 cl","price":"19,95 €","pricePerUnit":"(26,60 €/l.)","imgUrl":"https://s0.dia.es/medias/h3d/h32/9326312292382.jpg"},{"title":"GR-174 vino tinto Do Priorat botella 75 cl","price":"11,95 €","pricePerUnit":"(15,93 €/l.)","imgUrl":"https://s2.dia.es/medias/h78/hc5/9326256128030.jpg"},{"title":"SANGRE DE TORO vino tinto DO Cataluña botella  75 cl","price":"4,97 €","pricePerUnit":"(6,63 €/l.)","imgUrl":"https://s0.dia.es/medias/h08/h7c/9665610809374.jpg"}]},"galicia":{"categoryUrl":"/compra-online/productos/bebidas/vinos-tintos/galicia/c/WEB.008.070.00485","products":[{"title":"5 FINQUES vino tinto DO Cataluña botella 75 cl","price":"11,95 €","pricePerUnit":"(15,93 €/l.)","imgUrl":"https://s3.dia.es/medias/h8e/hfd/9326246232094.jpg"},{"title":"ALBALI vino tinto DO Valdepeñas botella 75 cl","price":"2,79 €","pricePerUnit":"(3,72 €/l.)","imgUrl":"https://s1.dia.es/medias/h6e/h96/9290361307166.jpg"},{"title":"ALCORTA vino tinto crianza do rioja botella 75 cl","price":"6,00 €","pricePerUnit":"(8,00 €/l.)","imgUrl":"https://s1.dia.es/medias/h14/h16/9381785862174.jpg"},{"title":"ALTOS DE TAMARON vino tinto crianza DO Ribera de Duero botella 75 cl","price":"6,99 €","pricePerUnit":"(9,32 €/l.)","imgUrl":"https://s2.dia.es/medias/h51/hb3/9290414096414.jpg"},{"title":"ALTOS DE TAMARON vino tinto reserva DO Ribera de Duero botella 75 cl","price":"13,49 €","pricePerUnit":"(17,99 €/l.)","imgUrl":"https://s0.dia.es/medias/h8c/h95/9621749006366.jpg"},{"title":"ALTOS DE TAMARON vino tinto roble DO Ribera del Duero botella 75 cl","price":"5,74 €","pricePerUnit":"(7,65 €/l.)","imgUrl":"https://s0.dia.es/medias/h8a/hf1/9290414424094.jpg"},{"title":"AZPILICUETA vino tinto crianza DO rioja botella 75 cl","price":"7,99 €","pricePerUnit":"(10,65 €/l.)","imgUrl":"https://s2.dia.es/medias/h66/h1a/9362604982302.jpg"},{"title":"BAJOZ ROBLE TORO vino tinto botella 75 cl","price":"4,19 €","pricePerUnit":"(5,59 €/l.)","imgUrl":"https://s1.dia.es/medias/h48/hf6/9290421469214.jpg"},{"title":"BAJOZ vino tinto crianza DO Toro botella 75 cl","price":"5,45 €","pricePerUnit":"(7,27 €/l.)","imgUrl":"https://s3.dia.es/medias/h3e/h69/9290364256286.jpg"},{"title":"BAJOZ vino tinto DO Toro botella 75 cl","price":"3,75 €","pricePerUnit":"(5,00 €/l.)","imgUrl":"https://s2.dia.es/medias/hdf/h69/9290392305694.jpg"},{"title":"BARON DE LEY vino tinto do rioja botella 75 cl","price":"9,50 €","pricePerUnit":"(12,67 €/l.)","imgUrl":"https://s1.dia.es/medias/h92/h53/9499364130846.jpg"},{"title":"BERBERANA CARTA DE PLATA vino tinto botella 75 cl","price":"3,59 €","pricePerUnit":"(4,79 €/l.)","imgUrl":"https://s3.dia.es/medias/h0b/h3a/9564725248030.jpg"},{"title":"BERBERANA CLASICO vino tinto reserva DO Jumilla botella 75 cl","price":"3,69 €","pricePerUnit":"(4,92 €/l.)","imgUrl":"https://s0.dia.es/medias/h22/h85/9564724264990.jpg"},{"title":"BERBERANA SELECCIÓN ORO vino tinto de la tierra de Castila botella 75 cl","price":"3,99 €","pricePerUnit":"(5,32 €/l.)","imgUrl":"https://s1.dia.es/medias/h33/hd6/9564728918046.jpg"},{"title":"BERBERANA vino tinto t&t botella 75 cl","price":"2,69 €\n\t\t\t\t\t\t\t2,29 €","pricePerUnit":"(3,59 €/l.)\n\t\t\t\t\t\t\t (3,05 €/l.)","imgUrl":"https://s3.dia.es/medias/heb/h7c/9564720005150.jpg"},{"title":"BERONIA vino tinto crianza DO Rioja botella 75 cl","price":"7,95 €","pricePerUnit":"(10,60 €/l.)","imgUrl":"https://s3.dia.es/medias/h8a/h64/9193788047390.jpg"},{"title":"BERONIA vino tinto DO Rioja botella 75 cl","price":"13,20 €","pricePerUnit":"(17,60 €/l.)","imgUrl":"https://s2.dia.es/medias/hd4/h57/9193783132190.jpg"},{"title":"BESO DE RECHENNA vino tinto DO Utiel Requena botella 75 cl","price":"8,30 €","pricePerUnit":"(11,07 €/l.)","imgUrl":"https://s0.dia.es/medias/h73/h03/9535891406878.jpg"},{"title":"BODEGAS ALAVESAS vino tinto DO Rioja botella 75 cl","price":"5,50 €","pricePerUnit":"(7,33 €/l.)","imgUrl":"https://s0.dia.es/medias/h64/ha4/8964341661726.jpg"},{"title":"BORDÓN vino tinto crianza DO Rioja botella 75 cl","price":"7,10 €","pricePerUnit":"(9,47 €/l.)","imgUrl":"https://s3.dia.es/medias/h25/h41/9669929369630.jpg"},{"title":"BORSAO vino tinto botella 75 cl","price":"7,00 €","pricePerUnit":"(9,33 €/l.)","imgUrl":"https://s2.dia.es/medias/hfd/hb8/9092576837662.jpg"},{"title":"BORSAO vino tinto DO Campo de Borja botella 75 cl","price":"2,70 €","pricePerUnit":"(3,60 €/l.)","imgUrl":"https://s3.dia.es/medias/he7/h36/8864541081630.jpg"},{"title":"BRACAMONTE vino tinto DO Ribera del Duero botella 75 cl","price":"10,48 €","pricePerUnit":"(13,97 €/l.)","imgUrl":"https://s0.dia.es/medias/h1c/hf9/9321134358558.jpg"},{"title":"CAMPO VIEJO vino tinto crianza DO Rioja botella 75 cl","price":"5,20 €","pricePerUnit":"(6,93 €/l.)","imgUrl":"https://s1.dia.es/medias/he8/hcc/9375147687966.jpg"},{"title":"CAMPO VIEJO vino tinto cvc DO Rioja botella 75 cl","price":"3,85 €","pricePerUnit":"(5,13 €/l.)","imgUrl":"https://s0.dia.es/medias/hcf/h77/9365629665310.jpg"},{"title":"CAMPO VIEJO vino tinto reserva DO rioja botella 75 cl","price":"8,55 €","pricePerUnit":"(11,40 €/l.)","imgUrl":"https://s2.dia.es/medias/hfc/h74/9621703524382.jpg"},{"title":"CAMPO VIEJO vino tinto vendimia seleccionada DO rioja botella 75 cl","price":"5,99 €","pricePerUnit":"(7,99 €/l.)","imgUrl":"https://s1.dia.es/medias/h31/h4a/9375151620126.jpg"},{"title":"CASTILLO ALBAI vino tinto crianza DO rioja botella 75 cl","price":"5,50 €","pricePerUnit":"(7,33 €/l.)","imgUrl":"https://s1.dia.es/medias/h5c/h7d/9374641455134.jpg"},{"title":"CASTILLO DE ALBAI vino tinto DO Rioja botella 75 cl","price":"3,87 €","pricePerUnit":"(5,16 €/l.)","imgUrl":"https://s3.dia.es/medias/hd0/h5e/9374674452510.jpg"},{"title":"CASTILLO DE VELASCO vino tinto botella 75 cl","price":"1,25 €","pricePerUnit":"(1,67 €/l.)","imgUrl":"https://s3.dia.es/medias/h98/h5f/8821902901278.png"},{"title":"CASTILLO DE VELASCO vino tinto envase 1 lt","price":"0,99 €","pricePerUnit":"(0,99 €/l.)","imgUrl":"https://s0.dia.es/medias/h2e/hff/8825520848926.png"},{"title":"CASTILLO DE VELASCO vino tinto garrafa 2 lt","price":"2,99 €","pricePerUnit":"(1,50 €/l.)","imgUrl":"https://s3.dia.es/medias/h49/h3f/8823019241502.png"},{"title":"CAÑO VIEJO vino tinto DO Jumilla botella 75 cl","price":"1,53 €","pricePerUnit":"(2,04 €/l.)","imgUrl":"https://s2.dia.es/medias/hd3/hc5/9334520021022.jpg"},{"title":"CERCEÑO vino tinto DO Toro botella 75 cl","price":"3,05 €","pricePerUnit":"(4,07 €/l.)","imgUrl":"https://s0.dia.es/medias/had/h73/8879431122974.png"},{"title":"CONDADO DE ORIZA vino tinto Do Ribera del Duero botella 75 cl","price":"10,45 €","pricePerUnit":"(13,93 €/l.)","imgUrl":"https://s2.dia.es/medias/h7a/hbb/9290409836574.jpg"},{"title":"COSME PALACIO vino tinto DO Rioja botella 75 cl","price":"16,50 €","pricePerUnit":"(22,00 €/l.)","imgUrl":"https://s1.dia.es/medias/h39/h01/9516286017566.jpg"},{"title":"COSTERS DEL PRIOR vino tinto DO Priorat botella 75 cl","price":"12,75 €","pricePerUnit":"(17,00 €/l.)","imgUrl":"https://s1.dia.es/medias/h97/h25/9536201654302.jpg"},{"title":"COTO DE IMAZ vino tinto reserva DO Rioja botella 75 cl","price":"8,25 €","pricePerUnit":"(11,00 €/l.)","imgUrl":"https://s3.dia.es/medias/h01/h9a/9030044909598.jpg"},{"title":"CRUZ DE ALBA vino tinto DO Ribera del Duero botella 75 cl","price":"16,99 €","pricePerUnit":"(22,65 €/l.)","imgUrl":"https://s3.dia.es/medias/hdd/h6f/9326240989214.jpg"},{"title":"CUMBRE DE GREDOS vino tinto envase 1 lt","price":"1,45 €","pricePerUnit":"(1,45 €/l.)","imgUrl":"https://s1.dia.es/medias/h63/hc2/9092094263326.jpg"},{"title":"CVNE vino tinto crianza DO Rioja botella 75 cl","price":"6,45 €","pricePerUnit":"(8,60 €/l.)","imgUrl":"https://s1.dia.es/medias/hce/hb4/9488248438814.jpg"},{"title":"CVNE Vino tinto reserva DO Rioja botella 75 cl","price":"10,50 €","pricePerUnit":"(14,00 €/l.)","imgUrl":"https://s3.dia.es/medias/h41/h88/9092506386462.jpg"},{"title":"CVNE vino tinto roble DO Ribera del Duero botella 75 cl","price":"7,75 €","pricePerUnit":"(10,33 €/l.)","imgUrl":"https://s1.dia.es/medias/h85/h9e/9565885595678.jpg"},{"title":"DON SIMON vino tinto envase 1 lt","price":"1,45 €","pricePerUnit":"(1,45 €/l.)","imgUrl":"https://s1.dia.es/medias/h66/h47/9158836289566.jpg"},{"title":"DURON vino tinto DO ribera duero botella 75 cl","price":"7,46 €","pricePerUnit":"(9,95 €/l.)","imgUrl":"https://s1.dia.es/medias/ha4/h2d/8864146161694.jpg"},{"title":"EDERRA vino tinto crianza DO Rioja botella 75 cl","price":"6,75 €","pricePerUnit":"(9,00 €/l.)","imgUrl":"https://s3.dia.es/medias/h21/h8c/9381752864798.jpg"},{"title":"EDERRA vino tinto reserva DO Rioja botella 75 cl","price":"9,95 €","pricePerUnit":"(13,27 €/l.)","imgUrl":"https://s3.dia.es/medias/hcc/hfc/9236593836062.jpg"},{"title":"EL COTO vino tinto crianza DO Rioja botella 75 cl","price":"5,85 €","pricePerUnit":"(7,80 €/l.)","imgUrl":"https://s1.dia.es/medias/h1b/h1e/9134640300062.jpg"},{"title":"EMÍNA vino tinto crianza DO Ribera del Duero botella 75 cl","price":"12,95 €","pricePerUnit":"(17,27 €/l.)","imgUrl":"https://s1.dia.es/medias/hef/hf8/9305865453598.jpg"},{"title":"ENATE vino tinto tempranillo crianza 2010 DO Somontano botella 75 cl","price":"8,50 €","pricePerUnit":"(11,33 €/l.)","imgUrl":"https://s0.dia.es/medias/h8c/hdf/9507682943006.jpg"},{"title":"FASUTINO VII vino tinto cvc DO Rioja botella 75 cl","price":"3,91 €","pricePerUnit":"(5,21 €/l.)","imgUrl":"https://s1.dia.es/medias/h5d/h5a/9592216027166.jpg"},{"title":"FAUSTINO RIVERO ULECIA vino tinto crianza DO Rioja botella 75 cl","price":"4,75 €","pricePerUnit":"(6,33 €/l.)","imgUrl":"https://s3.dia.es/medias/h3a/h81/8872813232158.png"},{"title":"FAUSTINO RIVERO vino tinto DO Rioja botella 75 cl","price":"3,95 €","pricePerUnit":"(5,27 €/l.)","imgUrl":"https://s0.dia.es/medias/hcb/hba/9100884443166.jpg"},{"title":"FAUSTINO RIVERO vino tinto DO Utiel Requena botella 75 cl","price":"4,95 €","pricePerUnit":"(6,60 €/l.)","imgUrl":"https://s2.dia.es/medias/h1d/h0d/8958592811038.png"},{"title":"FAUSTINO RIVERO vino tinto joven DO rioja botella 75 cl","price":"3,75 €","pricePerUnit":"(5,00 €/l.)","imgUrl":"https://s3.dia.es/medias/h6e/h64/9568509591582.jpg"},{"title":"FAUSTINO RIVERO vino tinto tempranillo Do Castilla botella 75 cl","price":"3,40 €","pricePerUnit":"(4,53 €/l.)","imgUrl":"https://s0.dia.es/medias/h49/hcc/8958763761694.png"},{"title":"FAUSTINO vino tinto DO Rioja botella 75 cl","price":"6,55 €","pricePerUnit":"(8,73 €/l.)","imgUrl":"https://s1.dia.es/medias/h33/ha6/8874663870494.png"},{"title":"FINCA ESPOLLA vino tinto DO Cataluña botella 75 ml","price":"15,75 €","pricePerUnit":"(21,00 €/l.)","imgUrl":"https://s2.dia.es/medias/h5b/h66/9326294859806.jpg"},{"title":"FINCA MALAVEINA vino tinto DO Cataluña botella 75 cl","price":"19,95 €","pricePerUnit":"(26,60 €/l.)","imgUrl":"https://s0.dia.es/medias/h3d/h32/9326312292382.jpg"},{"title":"FINCA MONCLOA vino tinto Do Cádiz botella 75 cl","price":"16,25 €","pricePerUnit":"(21,67 €/l.)","imgUrl":"https://s2.dia.es/medias/haf/h61/9361951850526.jpg"},{"title":"GLORIOSO vino tinto DO Rioja botella 75 cl","price":"6,50 €","pricePerUnit":"(8,67 €/l.)","imgUrl":"https://s1.dia.es/medias/h9b/h28/9639094157342.jpg"},{"title":"GR-174 vino tinto Do Priorat botella 75 cl","price":"11,95 €","pricePerUnit":"(15,93 €/l.)","imgUrl":"https://s2.dia.es/medias/h78/hc5/9326256128030.jpg"},{"title":"GREGO vino tinto DO Madrid botella 75 cl","price":"6,95 €","pricePerUnit":"(9,27 €/l.)","imgUrl":"https://s1.dia.es/medias/hc7/h50/9326291583006.jpg"},{"title":"GREGO vino tinto DO Madrid botella 75 cl","price":"9,75 €","pricePerUnit":"(13,00 €/l.)","imgUrl":"https://s2.dia.es/medias/hed/h18/9326276509726.jpg"},{"title":"HABLA DE LA TIERRA vino tinto botella 75 cl","price":"7,09 €","pricePerUnit":"(9,45 €/l.)","imgUrl":"https://s1.dia.es/medias/he4/hc4/9026345893918.jpg"},{"title":"HACIENDA ZORITA vino tinto botella 75 cl","price":"4,49 €","pricePerUnit":"(5,99 €/l.)","imgUrl":"https://s3.dia.es/medias/hf8/h5f/9564759785502.jpg"},{"title":"HEREDAD TORRESANO vino tinto roble botella 75 cl","price":"5,60 €","pricePerUnit":"(7,47 €/l.)","imgUrl":"https://s1.dia.es/medias/he4/h46/9536145227806.jpg"},{"title":"LAGUNILLA VIÑA ARTAL vino tinto Rioja crianza botella 75 cl","price":"6,35 €","pricePerUnit":"(8,47 €/l.)","imgUrl":"https://s1.dia.es/medias/h5e/h3b/9564722298910.jpg"},{"title":"LOS MOLINOS vino tinto crianza DO Valdepeñas botella 75 cl","price":"2,69 €","pricePerUnit":"(3,59 €/l.)","imgUrl":"https://s2.dia.es/medias/h0d/h50/9290411802654.jpg"},{"title":"LOS MOLINOS vino tinto DO Valdepeñas botella 75 cl","price":"1,96 €","pricePerUnit":"(2,61 €/l.)","imgUrl":"https://s0.dia.es/medias/h11/hb7/9374658723870.jpg"},{"title":"MARQUES DE CACERES vino tinto crianza DO Rioja botella 75 cl","price":"7,30 €","pricePerUnit":"(9,73 €/l.)","imgUrl":"https://s2.dia.es/medias/h1b/ha0/9573222580254.jpg"},{"title":"MARQUES DE CACERES vino tinto reserva DO rioja botella 75 cl","price":"11,50 €","pricePerUnit":"(15,33 €/l.)","imgUrl":"https://s2.dia.es/medias/hcc/ha2/9573000347678.jpg"},{"title":"MARQUÉS DE LA CONCORDIA vino tinto DO Rioja botella 75 cl","price":"6,95 €","pricePerUnit":"(9,27 €/l.)","imgUrl":"https://s1.dia.es/medias/h81/h52/9375258738718.jpg"},{"title":"MATARROMERA vino tinto crianza 2013 DO Ribera del Duero botella 75 cl","price":"18,95 €","pricePerUnit":"(25,27 €/l.)","imgUrl":"https://s1.dia.es/medias/h3f/h44/9305854640158.jpg"},{"title":"MAYOR DE CASTILLA vino tinto roble DO Ribera del Duero botella 75 cl","price":"4,95 €","pricePerUnit":"(6,60 €/l.)","imgUrl":"https://s1.dia.es/medias/hc6/h07/9092044554270.jpg"},{"title":"MELIOR DE MATARROMERA vino tinto roble DO Ribera del Duero botella 75 cl","price":"7,80 €","pricePerUnit":"(10,40 €/l.)","imgUrl":"https://s1.dia.es/medias/h70/h36/9161857597470.jpg"},{"title":"MONTE ARAGÓN vino tinto botella 75 cl","price":"1,99 €","pricePerUnit":"(2,65 €/l.)","imgUrl":"https://s0.dia.es/medias/h34/he8/8879528214558.png"},{"title":"MONÓLOGO vino tinto crianza DO Rioja botella 75 cl","price":"5,70 €","pricePerUnit":"(7,60 €/l.)","imgUrl":"https://s2.dia.es/medias/h32/hb2/9621192441886.jpg"},{"title":"PALACIO DE ALCANTARA vino tinto  DO Rioja botella 75 cl","price":"2,64 €","pricePerUnit":"(3,52 €/l.)","imgUrl":"https://s3.dia.es/medias/hd1/h47/8863910101022.jpg"},{"title":"PALACIO DE ALCANTARA vino tinto crianza DO Rioja botella 75 cl","price":"4,61 €","pricePerUnit":"(6,15 €/l.)","imgUrl":"https://s1.dia.es/medias/he9/hc4/9092505731102.jpg"},{"title":"PATERNINA BANDA AZUL vino tinto crianza DO Rioja botella 75 cl","price":"5,69 €","pricePerUnit":"(7,59 €/l.)","imgUrl":"https://s0.dia.es/medias/hbf/h18/9564726624286.jpg"},{"title":"PEÑAMONTE vino tinto DO Toro botella 75 cl","price":"4,95 €","pricePerUnit":"(6,60 €/l.)","imgUrl":"https://s0.dia.es/medias/h40/hb2/9516267208734.jpg"},{"title":"PEÑASOL vino tinto envase 1 lt","price":"1,25 €","pricePerUnit":"(1,25 €/l.)","imgUrl":"https://s1.dia.es/medias/hd2/hfe/9158809288734.jpg"},{"title":"PORTIA CRIANZA vino tinto botella 75 cl","price":"14,47 €","pricePerUnit":"(19,29 €/l.)","imgUrl":"https://s2.dia.es/medias/h4b/h46/9502682447902.jpg"},{"title":"PRADO REY vino tinto DO Ribera del Duero botella 75 cl","price":"12,75 €","pricePerUnit":"(17,00 €/l.)","imgUrl":"https://s3.dia.es/medias/h8d/hd6/9210129023006.jpg"},{"title":"PRADO REY vino tinto roble DO Ribera del Duero botella 75 cl","price":"7,35 €","pricePerUnit":"(9,80 €/l.)","imgUrl":"https://s2.dia.es/medias/h66/h90/9210139181086.jpg"},{"title":"PROTOS CRIANZA vino tinto botella 75 cl","price":"15,95 €","pricePerUnit":"(21,27 €/l.)","imgUrl":"https://s0.dia.es/medias/hb7/h8d/8863932121118.jpg"},{"title":"PROTOS vino tinto reserva DO ribera botella 75 cl","price":"26,25 €","pricePerUnit":"(35,00 €/l.)","imgUrl":"https://s0.dia.es/medias/h16/h8a/9554405752862.jpg"},{"title":"PROTOS vino tinto roble DO Ribera de Duero botella 75 cl","price":"8,87 €","pricePerUnit":"(11,83 €/l.)","imgUrl":"https://s2.dia.es/medias/hf2/he3/8864376782878.jpg"},{"title":"PUERTA DE ALCALA vino tinto crianza botella 75 cl","price":"4,06 €","pricePerUnit":"(5,41 €/l.)","imgUrl":"https://s0.dia.es/medias/hde/h8f/9113635061790.jpg"},{"title":"PUERTA DE ALCALA vino tinto do madrid botella 75 cl","price":"2,63 €","pricePerUnit":"(3,51 €/l.)","imgUrl":"https://s0.dia.es/medias/h18/h63/9113637027870.jpg"},{"title":"PUERTA DE ALCALA vino tinto DO Madrid botella 75 cl","price":"4,95 €","pricePerUnit":"(6,60 €/l.)","imgUrl":"https://s1.dia.es/medias/h3b/h00/9322167926814.jpg"},{"title":"PURIFICACIÓN vino tinto DO Madrid botella 75 cl","price":"12,75 €","pricePerUnit":"(17,00 €/l.)","imgUrl":"https://s0.dia.es/medias/h4d/h6a/9326286667806.jpg"},{"title":"RAMON BILBAO CRIANZA vino tinto do rioja botella 75 cl","price":"8,95 €","pricePerUnit":"(11,93 €/l.)","imgUrl":"https://s0.dia.es/medias/h00/h91/9290390011934.jpg"},{"title":"RAMÓN BILBAO vino tinto crianza DO Rioja botella 75 cl","price":"14,95 €","pricePerUnit":"(19,93 €/l.)","imgUrl":"https://s1.dia.es/medias/h48/h0a/9026388459550.jpg"},{"title":"RIBERA DE ALGODOR vino tinto DO Mancha botella 75 cl","price":"1,45 €","pricePerUnit":"(1,93 €/l.)","imgUrl":"https://s2.dia.es/medias/h04/h2f/8822324690974.png"},{"title":"SAN ASENSIO vino tinto DO Rioja botella 75 cl","price":"3,09 €","pricePerUnit":"(4,12 €/l.)","imgUrl":"https://s3.dia.es/medias/h9c/h60/9375165218846.jpg"},{"title":"SAN ROMÁN vino tinto DO Toro botella 75 cl","price":"25,50 €","pricePerUnit":"(34,00 €/l.)","imgUrl":"https://s0.dia.es/medias/h66/h8b/8878450835486.png"},{"title":"SANGRE DE TORO vino tinto DO Cataluña botella  75 cl","price":"4,97 €","pricePerUnit":"(6,63 €/l.)","imgUrl":"https://s0.dia.es/medias/h08/h7c/9665610809374.jpg"},{"title":"SANTIAGO vino tinto DO Rioja botella 75 cl","price":"6,10 €","pricePerUnit":"(8,13 €/l.)","imgUrl":"https://s1.dia.es/medias/h17/h3d/9564725903390.jpg"}]},"madrid":{"categoryUrl":"/compra-online/productos/bebidas/vinos-tintos/madrid/c/WEB.008.070.00487","products":[{"title":"GREGO vino tinto DO Madrid botella 75 cl","price":"6,95 €","pricePerUnit":"(9,27 €/l.)","imgUrl":"https://s1.dia.es/medias/hc7/h50/9326291583006.jpg"},{"title":"GREGO vino tinto DO Madrid botella 75 cl","price":"9,75 €","pricePerUnit":"(13,00 €/l.)","imgUrl":"https://s2.dia.es/medias/hed/h18/9326276509726.jpg"},{"title":"HEREDAD TORRESANO vino tinto roble botella 75 cl","price":"5,60 €","pricePerUnit":"(7,47 €/l.)","imgUrl":"https://s1.dia.es/medias/he4/h46/9536145227806.jpg"},{"title":"PUERTA DE ALCALA vino tinto do madrid botella 75 cl","price":"2,63 €","pricePerUnit":"(3,51 €/l.)","imgUrl":"https://s0.dia.es/medias/h18/h63/9113637027870.jpg"},{"title":"PUERTA DE ALCALA vino tinto DO Madrid botella 75 cl","price":"4,95 €","pricePerUnit":"(6,60 €/l.)","imgUrl":"https://s1.dia.es/medias/h3b/h00/9322167926814.jpg"},{"title":"PURIFICACIÓN vino tinto DO Madrid botella 75 cl","price":"12,75 €","pricePerUnit":"(17,00 €/l.)","imgUrl":"https://s0.dia.es/medias/h4d/h6a/9326286667806.jpg"}]},"navarra":{"categoryUrl":"/compra-online/productos/bebidas/vinos-tintos/navarra/c/WEB.008.070.00489","products":[{"title":"5 FINQUES vino tinto DO Cataluña botella 75 cl","price":"11,95 €","pricePerUnit":"(15,93 €/l.)","imgUrl":"https://s3.dia.es/medias/h8e/hfd/9326246232094.jpg"},{"title":"ALBALI vino tinto DO Valdepeñas botella 75 cl","price":"2,79 €","pricePerUnit":"(3,72 €/l.)","imgUrl":"https://s1.dia.es/medias/h6e/h96/9290361307166.jpg"},{"title":"ALCORTA vino tinto crianza do rioja botella 75 cl","price":"6,00 €","pricePerUnit":"(8,00 €/l.)","imgUrl":"https://s1.dia.es/medias/h14/h16/9381785862174.jpg"},{"title":"ALTOS DE TAMARON vino tinto crianza DO Ribera de Duero botella 75 cl","price":"6,99 €","pricePerUnit":"(9,32 €/l.)","imgUrl":"https://s2.dia.es/medias/h51/hb3/9290414096414.jpg"},{"title":"ALTOS DE TAMARON vino tinto reserva DO Ribera de Duero botella 75 cl","price":"13,49 €","pricePerUnit":"(17,99 €/l.)","imgUrl":"https://s0.dia.es/medias/h8c/h95/9621749006366.jpg"},{"title":"ALTOS DE TAMARON vino tinto roble DO Ribera del Duero botella 75 cl","price":"5,74 €","pricePerUnit":"(7,65 €/l.)","imgUrl":"https://s0.dia.es/medias/h8a/hf1/9290414424094.jpg"},{"title":"AZPILICUETA vino tinto crianza DO rioja botella 75 cl","price":"7,99 €","pricePerUnit":"(10,65 €/l.)","imgUrl":"https://s2.dia.es/medias/h66/h1a/9362604982302.jpg"},{"title":"BAJOZ ROBLE TORO vino tinto botella 75 cl","price":"4,19 €","pricePerUnit":"(5,59 €/l.)","imgUrl":"https://s1.dia.es/medias/h48/hf6/9290421469214.jpg"},{"title":"BAJOZ vino tinto crianza DO Toro botella 75 cl","price":"5,45 €","pricePerUnit":"(7,27 €/l.)","imgUrl":"https://s3.dia.es/medias/h3e/h69/9290364256286.jpg"},{"title":"BAJOZ vino tinto DO Toro botella 75 cl","price":"3,75 €","pricePerUnit":"(5,00 €/l.)","imgUrl":"https://s2.dia.es/medias/hdf/h69/9290392305694.jpg"},{"title":"BARON DE LEY vino tinto do rioja botella 75 cl","price":"9,50 €","pricePerUnit":"(12,67 €/l.)","imgUrl":"https://s1.dia.es/medias/h92/h53/9499364130846.jpg"},{"title":"BERBERANA CARTA DE PLATA vino tinto botella 75 cl","price":"3,59 €","pricePerUnit":"(4,79 €/l.)","imgUrl":"https://s3.dia.es/medias/h0b/h3a/9564725248030.jpg"},{"title":"BERBERANA CLASICO vino tinto reserva DO Jumilla botella 75 cl","price":"3,69 €","pricePerUnit":"(4,92 €/l.)","imgUrl":"https://s0.dia.es/medias/h22/h85/9564724264990.jpg"},{"title":"BERBERANA SELECCIÓN ORO vino tinto de la tierra de Castila botella 75 cl","price":"3,99 €","pricePerUnit":"(5,32 €/l.)","imgUrl":"https://s1.dia.es/medias/h33/hd6/9564728918046.jpg"},{"title":"BERBERANA vino tinto t&t botella 75 cl","price":"2,69 €\n\t\t\t\t\t\t\t2,29 €","pricePerUnit":"(3,59 €/l.)\n\t\t\t\t\t\t\t (3,05 €/l.)","imgUrl":"https://s3.dia.es/medias/heb/h7c/9564720005150.jpg"},{"title":"BERONIA vino tinto crianza DO Rioja botella 75 cl","price":"7,95 €","pricePerUnit":"(10,60 €/l.)","imgUrl":"https://s3.dia.es/medias/h8a/h64/9193788047390.jpg"},{"title":"BERONIA vino tinto DO Rioja botella 75 cl","price":"13,20 €","pricePerUnit":"(17,60 €/l.)","imgUrl":"https://s2.dia.es/medias/hd4/h57/9193783132190.jpg"},{"title":"BESO DE RECHENNA vino tinto DO Utiel Requena botella 75 cl","price":"8,30 €","pricePerUnit":"(11,07 €/l.)","imgUrl":"https://s0.dia.es/medias/h73/h03/9535891406878.jpg"},{"title":"BODEGAS ALAVESAS vino tinto DO Rioja botella 75 cl","price":"5,50 €","pricePerUnit":"(7,33 €/l.)","imgUrl":"https://s0.dia.es/medias/h64/ha4/8964341661726.jpg"},{"title":"BORDÓN vino tinto crianza DO Rioja botella 75 cl","price":"7,10 €","pricePerUnit":"(9,47 €/l.)","imgUrl":"https://s3.dia.es/medias/h25/h41/9669929369630.jpg"},{"title":"BORSAO vino tinto botella 75 cl","price":"7,00 €","pricePerUnit":"(9,33 €/l.)","imgUrl":"https://s2.dia.es/medias/hfd/hb8/9092576837662.jpg"},{"title":"BORSAO vino tinto DO Campo de Borja botella 75 cl","price":"2,70 €","pricePerUnit":"(3,60 €/l.)","imgUrl":"https://s3.dia.es/medias/he7/h36/8864541081630.jpg"},{"title":"BRACAMONTE vino tinto DO Ribera del Duero botella 75 cl","price":"10,48 €","pricePerUnit":"(13,97 €/l.)","imgUrl":"https://s0.dia.es/medias/h1c/hf9/9321134358558.jpg"},{"title":"CAMPO VIEJO vino tinto crianza DO Rioja botella 75 cl","price":"5,20 €","pricePerUnit":"(6,93 €/l.)","imgUrl":"https://s1.dia.es/medias/he8/hcc/9375147687966.jpg"},{"title":"CAMPO VIEJO vino tinto cvc DO Rioja botella 75 cl","price":"3,85 €","pricePerUnit":"(5,13 €/l.)","imgUrl":"https://s0.dia.es/medias/hcf/h77/9365629665310.jpg"},{"title":"CAMPO VIEJO vino tinto reserva DO rioja botella 75 cl","price":"8,55 €","pricePerUnit":"(11,40 €/l.)","imgUrl":"https://s2.dia.es/medias/hfc/h74/9621703524382.jpg"},{"title":"CAMPO VIEJO vino tinto vendimia seleccionada DO rioja botella 75 cl","price":"5,99 €","pricePerUnit":"(7,99 €/l.)","imgUrl":"https://s1.dia.es/medias/h31/h4a/9375151620126.jpg"},{"title":"CASTILLO ALBAI vino tinto crianza DO rioja botella 75 cl","price":"5,50 €","pricePerUnit":"(7,33 €/l.)","imgUrl":"https://s1.dia.es/medias/h5c/h7d/9374641455134.jpg"},{"title":"CASTILLO DE ALBAI vino tinto DO Rioja botella 75 cl","price":"3,87 €","pricePerUnit":"(5,16 €/l.)","imgUrl":"https://s3.dia.es/medias/hd0/h5e/9374674452510.jpg"},{"title":"CASTILLO DE VELASCO vino tinto botella 75 cl","price":"1,25 €","pricePerUnit":"(1,67 €/l.)","imgUrl":"https://s3.dia.es/medias/h98/h5f/8821902901278.png"},{"title":"CASTILLO DE VELASCO vino tinto envase 1 lt","price":"0,99 €","pricePerUnit":"(0,99 €/l.)","imgUrl":"https://s0.dia.es/medias/h2e/hff/8825520848926.png"},{"title":"CASTILLO DE VELASCO vino tinto garrafa 2 lt","price":"2,99 €","pricePerUnit":"(1,50 €/l.)","imgUrl":"https://s3.dia.es/medias/h49/h3f/8823019241502.png"},{"title":"CAÑO VIEJO vino tinto DO Jumilla botella 75 cl","price":"1,53 €","pricePerUnit":"(2,04 €/l.)","imgUrl":"https://s2.dia.es/medias/hd3/hc5/9334520021022.jpg"},{"title":"CERCEÑO vino tinto DO Toro botella 75 cl","price":"3,05 €","pricePerUnit":"(4,07 €/l.)","imgUrl":"https://s0.dia.es/medias/had/h73/8879431122974.png"},{"title":"CONDADO DE ORIZA vino tinto Do Ribera del Duero botella 75 cl","price":"10,45 €","pricePerUnit":"(13,93 €/l.)","imgUrl":"https://s2.dia.es/medias/h7a/hbb/9290409836574.jpg"},{"title":"COSME PALACIO vino tinto DO Rioja botella 75 cl","price":"16,50 €","pricePerUnit":"(22,00 €/l.)","imgUrl":"https://s1.dia.es/medias/h39/h01/9516286017566.jpg"},{"title":"COSTERS DEL PRIOR vino tinto DO Priorat botella 75 cl","price":"12,75 €","pricePerUnit":"(17,00 €/l.)","imgUrl":"https://s1.dia.es/medias/h97/h25/9536201654302.jpg"},{"title":"COTO DE IMAZ vino tinto reserva DO Rioja botella 75 cl","price":"8,25 €","pricePerUnit":"(11,00 €/l.)","imgUrl":"https://s3.dia.es/medias/h01/h9a/9030044909598.jpg"},{"title":"CRUZ DE ALBA vino tinto DO Ribera del Duero botella 75 cl","price":"16,99 €","pricePerUnit":"(22,65 €/l.)","imgUrl":"https://s3.dia.es/medias/hdd/h6f/9326240989214.jpg"},{"title":"CUMBRE DE GREDOS vino tinto envase 1 lt","price":"1,45 €","pricePerUnit":"(1,45 €/l.)","imgUrl":"https://s1.dia.es/medias/h63/hc2/9092094263326.jpg"},{"title":"CVNE vino tinto crianza DO Rioja botella 75 cl","price":"6,45 €","pricePerUnit":"(8,60 €/l.)","imgUrl":"https://s1.dia.es/medias/hce/hb4/9488248438814.jpg"},{"title":"CVNE Vino tinto reserva DO Rioja botella 75 cl","price":"10,50 €","pricePerUnit":"(14,00 €/l.)","imgUrl":"https://s3.dia.es/medias/h41/h88/9092506386462.jpg"},{"title":"CVNE vino tinto roble DO Ribera del Duero botella 75 cl","price":"7,75 €","pricePerUnit":"(10,33 €/l.)","imgUrl":"https://s1.dia.es/medias/h85/h9e/9565885595678.jpg"},{"title":"DON SIMON vino tinto envase 1 lt","price":"1,45 €","pricePerUnit":"(1,45 €/l.)","imgUrl":"https://s1.dia.es/medias/h66/h47/9158836289566.jpg"},{"title":"DURON vino tinto DO ribera duero botella 75 cl","price":"7,46 €","pricePerUnit":"(9,95 €/l.)","imgUrl":"https://s1.dia.es/medias/ha4/h2d/8864146161694.jpg"},{"title":"EDERRA vino tinto crianza DO Rioja botella 75 cl","price":"6,75 €","pricePerUnit":"(9,00 €/l.)","imgUrl":"https://s3.dia.es/medias/h21/h8c/9381752864798.jpg"},{"title":"EDERRA vino tinto reserva DO Rioja botella 75 cl","price":"9,95 €","pricePerUnit":"(13,27 €/l.)","imgUrl":"https://s3.dia.es/medias/hcc/hfc/9236593836062.jpg"},{"title":"EL COTO vino tinto crianza DO Rioja botella 75 cl","price":"5,85 €","pricePerUnit":"(7,80 €/l.)","imgUrl":"https://s1.dia.es/medias/h1b/h1e/9134640300062.jpg"},{"title":"EMÍNA vino tinto crianza DO Ribera del Duero botella 75 cl","price":"12,95 €","pricePerUnit":"(17,27 €/l.)","imgUrl":"https://s1.dia.es/medias/hef/hf8/9305865453598.jpg"},{"title":"ENATE vino tinto tempranillo crianza 2010 DO Somontano botella 75 cl","price":"8,50 €","pricePerUnit":"(11,33 €/l.)","imgUrl":"https://s0.dia.es/medias/h8c/hdf/9507682943006.jpg"},{"title":"FASUTINO VII vino tinto cvc DO Rioja botella 75 cl","price":"3,91 €","pricePerUnit":"(5,21 €/l.)","imgUrl":"https://s1.dia.es/medias/h5d/h5a/9592216027166.jpg"},{"title":"FAUSTINO RIVERO ULECIA vino tinto crianza DO Rioja botella 75 cl","price":"4,75 €","pricePerUnit":"(6,33 €/l.)","imgUrl":"https://s3.dia.es/medias/h3a/h81/8872813232158.png"},{"title":"FAUSTINO RIVERO vino tinto DO Rioja botella 75 cl","price":"3,95 €","pricePerUnit":"(5,27 €/l.)","imgUrl":"https://s0.dia.es/medias/hcb/hba/9100884443166.jpg"},{"title":"FAUSTINO RIVERO vino tinto DO Utiel Requena botella 75 cl","price":"4,95 €","pricePerUnit":"(6,60 €/l.)","imgUrl":"https://s2.dia.es/medias/h1d/h0d/8958592811038.png"},{"title":"FAUSTINO RIVERO vino tinto joven DO rioja botella 75 cl","price":"3,75 €","pricePerUnit":"(5,00 €/l.)","imgUrl":"https://s3.dia.es/medias/h6e/h64/9568509591582.jpg"},{"title":"FAUSTINO RIVERO vino tinto tempranillo Do Castilla botella 75 cl","price":"3,40 €","pricePerUnit":"(4,53 €/l.)","imgUrl":"https://s0.dia.es/medias/h49/hcc/8958763761694.png"},{"title":"FAUSTINO vino tinto DO Rioja botella 75 cl","price":"6,55 €","pricePerUnit":"(8,73 €/l.)","imgUrl":"https://s1.dia.es/medias/h33/ha6/8874663870494.png"},{"title":"FINCA ESPOLLA vino tinto DO Cataluña botella 75 ml","price":"15,75 €","pricePerUnit":"(21,00 €/l.)","imgUrl":"https://s2.dia.es/medias/h5b/h66/9326294859806.jpg"},{"title":"FINCA MALAVEINA vino tinto DO Cataluña botella 75 cl","price":"19,95 €","pricePerUnit":"(26,60 €/l.)","imgUrl":"https://s0.dia.es/medias/h3d/h32/9326312292382.jpg"},{"title":"FINCA MONCLOA vino tinto Do Cádiz botella 75 cl","price":"16,25 €","pricePerUnit":"(21,67 €/l.)","imgUrl":"https://s2.dia.es/medias/haf/h61/9361951850526.jpg"},{"title":"GLORIOSO vino tinto DO Rioja botella 75 cl","price":"6,50 €","pricePerUnit":"(8,67 €/l.)","imgUrl":"https://s1.dia.es/medias/h9b/h28/9639094157342.jpg"},{"title":"GR-174 vino tinto Do Priorat botella 75 cl","price":"11,95 €","pricePerUnit":"(15,93 €/l.)","imgUrl":"https://s2.dia.es/medias/h78/hc5/9326256128030.jpg"},{"title":"GREGO vino tinto DO Madrid botella 75 cl","price":"6,95 €","pricePerUnit":"(9,27 €/l.)","imgUrl":"https://s1.dia.es/medias/hc7/h50/9326291583006.jpg"},{"title":"GREGO vino tinto DO Madrid botella 75 cl","price":"9,75 €","pricePerUnit":"(13,00 €/l.)","imgUrl":"https://s2.dia.es/medias/hed/h18/9326276509726.jpg"},{"title":"HABLA DE LA TIERRA vino tinto botella 75 cl","price":"7,09 €","pricePerUnit":"(9,45 €/l.)","imgUrl":"https://s1.dia.es/medias/he4/hc4/9026345893918.jpg"},{"title":"HACIENDA ZORITA vino tinto botella 75 cl","price":"4,49 €","pricePerUnit":"(5,99 €/l.)","imgUrl":"https://s3.dia.es/medias/hf8/h5f/9564759785502.jpg"},{"title":"HEREDAD TORRESANO vino tinto roble botella 75 cl","price":"5,60 €","pricePerUnit":"(7,47 €/l.)","imgUrl":"https://s1.dia.es/medias/he4/h46/9536145227806.jpg"},{"title":"LAGUNILLA VIÑA ARTAL vino tinto Rioja crianza botella 75 cl","price":"6,35 €","pricePerUnit":"(8,47 €/l.)","imgUrl":"https://s1.dia.es/medias/h5e/h3b/9564722298910.jpg"},{"title":"LOS MOLINOS vino tinto crianza DO Valdepeñas botella 75 cl","price":"2,69 €","pricePerUnit":"(3,59 €/l.)","imgUrl":"https://s2.dia.es/medias/h0d/h50/9290411802654.jpg"},{"title":"LOS MOLINOS vino tinto DO Valdepeñas botella 75 cl","price":"1,96 €","pricePerUnit":"(2,61 €/l.)","imgUrl":"https://s0.dia.es/medias/h11/hb7/9374658723870.jpg"},{"title":"MARQUES DE CACERES vino tinto crianza DO Rioja botella 75 cl","price":"7,30 €","pricePerUnit":"(9,73 €/l.)","imgUrl":"https://s2.dia.es/medias/h1b/ha0/9573222580254.jpg"},{"title":"MARQUES DE CACERES vino tinto reserva DO rioja botella 75 cl","price":"11,50 €","pricePerUnit":"(15,33 €/l.)","imgUrl":"https://s2.dia.es/medias/hcc/ha2/9573000347678.jpg"},{"title":"MARQUÉS DE LA CONCORDIA vino tinto DO Rioja botella 75 cl","price":"6,95 €","pricePerUnit":"(9,27 €/l.)","imgUrl":"https://s1.dia.es/medias/h81/h52/9375258738718.jpg"},{"title":"MATARROMERA vino tinto crianza 2013 DO Ribera del Duero botella 75 cl","price":"18,95 €","pricePerUnit":"(25,27 €/l.)","imgUrl":"https://s1.dia.es/medias/h3f/h44/9305854640158.jpg"},{"title":"MAYOR DE CASTILLA vino tinto roble DO Ribera del Duero botella 75 cl","price":"4,95 €","pricePerUnit":"(6,60 €/l.)","imgUrl":"https://s1.dia.es/medias/hc6/h07/9092044554270.jpg"},{"title":"MELIOR DE MATARROMERA vino tinto roble DO Ribera del Duero botella 75 cl","price":"7,80 €","pricePerUnit":"(10,40 €/l.)","imgUrl":"https://s1.dia.es/medias/h70/h36/9161857597470.jpg"},{"title":"MONTE ARAGÓN vino tinto botella 75 cl","price":"1,99 €","pricePerUnit":"(2,65 €/l.)","imgUrl":"https://s0.dia.es/medias/h34/he8/8879528214558.png"},{"title":"MONÓLOGO vino tinto crianza DO Rioja botella 75 cl","price":"5,70 €","pricePerUnit":"(7,60 €/l.)","imgUrl":"https://s2.dia.es/medias/h32/hb2/9621192441886.jpg"},{"title":"PALACIO DE ALCANTARA vino tinto  DO Rioja botella 75 cl","price":"2,64 €","pricePerUnit":"(3,52 €/l.)","imgUrl":"https://s3.dia.es/medias/hd1/h47/8863910101022.jpg"},{"title":"PALACIO DE ALCANTARA vino tinto crianza DO Rioja botella 75 cl","price":"4,61 €","pricePerUnit":"(6,15 €/l.)","imgUrl":"https://s1.dia.es/medias/he9/hc4/9092505731102.jpg"},{"title":"PATERNINA BANDA AZUL vino tinto crianza DO Rioja botella 75 cl","price":"5,69 €","pricePerUnit":"(7,59 €/l.)","imgUrl":"https://s0.dia.es/medias/hbf/h18/9564726624286.jpg"},{"title":"PEÑAMONTE vino tinto DO Toro botella 75 cl","price":"4,95 €","pricePerUnit":"(6,60 €/l.)","imgUrl":"https://s0.dia.es/medias/h40/hb2/9516267208734.jpg"},{"title":"PEÑASOL vino tinto envase 1 lt","price":"1,25 €","pricePerUnit":"(1,25 €/l.)","imgUrl":"https://s1.dia.es/medias/hd2/hfe/9158809288734.jpg"},{"title":"PORTIA CRIANZA vino tinto botella 75 cl","price":"14,47 €","pricePerUnit":"(19,29 €/l.)","imgUrl":"https://s2.dia.es/medias/h4b/h46/9502682447902.jpg"},{"title":"PRADO REY vino tinto DO Ribera del Duero botella 75 cl","price":"12,75 €","pricePerUnit":"(17,00 €/l.)","imgUrl":"https://s3.dia.es/medias/h8d/hd6/9210129023006.jpg"},{"title":"PRADO REY vino tinto roble DO Ribera del Duero botella 75 cl","price":"7,35 €","pricePerUnit":"(9,80 €/l.)","imgUrl":"https://s2.dia.es/medias/h66/h90/9210139181086.jpg"},{"title":"PROTOS CRIANZA vino tinto botella 75 cl","price":"15,95 €","pricePerUnit":"(21,27 €/l.)","imgUrl":"https://s0.dia.es/medias/hb7/h8d/8863932121118.jpg"},{"title":"PROTOS vino tinto reserva DO ribera botella 75 cl","price":"26,25 €","pricePerUnit":"(35,00 €/l.)","imgUrl":"https://s0.dia.es/medias/h16/h8a/9554405752862.jpg"},{"title":"PROTOS vino tinto roble DO Ribera de Duero botella 75 cl","price":"8,87 €","pricePerUnit":"(11,83 €/l.)","imgUrl":"https://s2.dia.es/medias/hf2/he3/8864376782878.jpg"},{"title":"PUERTA DE ALCALA vino tinto crianza botella 75 cl","price":"4,06 €","pricePerUnit":"(5,41 €/l.)","imgUrl":"https://s0.dia.es/medias/hde/h8f/9113635061790.jpg"},{"title":"PUERTA DE ALCALA vino tinto do madrid botella 75 cl","price":"2,63 €","pricePerUnit":"(3,51 €/l.)","imgUrl":"https://s0.dia.es/medias/h18/h63/9113637027870.jpg"},{"title":"PUERTA DE ALCALA vino tinto DO Madrid botella 75 cl","price":"4,95 €","pricePerUnit":"(6,60 €/l.)","imgUrl":"https://s1.dia.es/medias/h3b/h00/9322167926814.jpg"},{"title":"PURIFICACIÓN vino tinto DO Madrid botella 75 cl","price":"12,75 €","pricePerUnit":"(17,00 €/l.)","imgUrl":"https://s0.dia.es/medias/h4d/h6a/9326286667806.jpg"},{"title":"RAMON BILBAO CRIANZA vino tinto do rioja botella 75 cl","price":"8,95 €","pricePerUnit":"(11,93 €/l.)","imgUrl":"https://s0.dia.es/medias/h00/h91/9290390011934.jpg"},{"title":"RAMÓN BILBAO vino tinto crianza DO Rioja botella 75 cl","price":"14,95 €","pricePerUnit":"(19,93 €/l.)","imgUrl":"https://s1.dia.es/medias/h48/h0a/9026388459550.jpg"},{"title":"RIBERA DE ALGODOR vino tinto DO Mancha botella 75 cl","price":"1,45 €","pricePerUnit":"(1,93 €/l.)","imgUrl":"https://s2.dia.es/medias/h04/h2f/8822324690974.png"},{"title":"SAN ASENSIO vino tinto DO Rioja botella 75 cl","price":"3,09 €","pricePerUnit":"(4,12 €/l.)","imgUrl":"https://s3.dia.es/medias/h9c/h60/9375165218846.jpg"},{"title":"SAN ROMÁN vino tinto DO Toro botella 75 cl","price":"25,50 €","pricePerUnit":"(34,00 €/l.)","imgUrl":"https://s0.dia.es/medias/h66/h8b/8878450835486.png"},{"title":"SANGRE DE TORO vino tinto DO Cataluña botella  75 cl","price":"4,97 €","pricePerUnit":"(6,63 €/l.)","imgUrl":"https://s0.dia.es/medias/h08/h7c/9665610809374.jpg"},{"title":"SANTIAGO vino tinto DO Rioja botella 75 cl","price":"6,10 €","pricePerUnit":"(8,13 €/l.)","imgUrl":"https://s1.dia.es/medias/h17/h3d/9564725903390.jpg"}]},"region-de-murcia":{"categoryUrl":"/compra-online/productos/bebidas/vinos-tintos/region-de-murcia/c/WEB.008.070.00491","products":[{"title":"BERBERANA CLASICO vino tinto reserva DO Jumilla botella 75 cl","price":"3,69 €","pricePerUnit":"(4,92 €/l.)","imgUrl":"https://s0.dia.es/medias/h22/h85/9564724264990.jpg"},{"title":"CAÑO VIEJO vino tinto DO Jumilla botella 75 cl","price":"1,53 €","pricePerUnit":"(2,04 €/l.)","imgUrl":"https://s2.dia.es/medias/hd3/hc5/9334520021022.jpg"}]},"rioja":{"categoryUrl":"/compra-online/productos/bebidas/vinos-tintos/rioja/c/WEB.008.070.00492","products":[{"title":"ALCORTA vino tinto crianza do rioja botella 75 cl","price":"6,00 €","pricePerUnit":"(8,00 €/l.)","imgUrl":"https://s1.dia.es/medias/h14/h16/9381785862174.jpg"},{"title":"AZPILICUETA vino tinto crianza DO rioja botella 75 cl","price":"7,99 €","pricePerUnit":"(10,65 €/l.)","imgUrl":"https://s2.dia.es/medias/h66/h1a/9362604982302.jpg"},{"title":"BARON DE LEY vino tinto do rioja botella 75 cl","price":"9,50 €","pricePerUnit":"(12,67 €/l.)","imgUrl":"https://s1.dia.es/medias/h92/h53/9499364130846.jpg"},{"title":"BERONIA vino tinto crianza DO Rioja botella 75 cl","price":"7,95 €","pricePerUnit":"(10,60 €/l.)","imgUrl":"https://s3.dia.es/medias/h8a/h64/9193788047390.jpg"},{"title":"BERONIA vino tinto DO Rioja botella 75 cl","price":"13,20 €","pricePerUnit":"(17,60 €/l.)","imgUrl":"https://s2.dia.es/medias/hd4/h57/9193783132190.jpg"},{"title":"BODEGAS ALAVESAS vino tinto DO Rioja botella 75 cl","price":"5,50 €","pricePerUnit":"(7,33 €/l.)","imgUrl":"https://s0.dia.es/medias/h64/ha4/8964341661726.jpg"},{"title":"BORDÓN vino tinto crianza DO Rioja botella 75 cl","price":"7,10 €","pricePerUnit":"(9,47 €/l.)","imgUrl":"https://s3.dia.es/medias/h25/h41/9669929369630.jpg"},{"title":"CAMPO VIEJO vino tinto crianza DO Rioja botella 75 cl","price":"5,20 €","pricePerUnit":"(6,93 €/l.)","imgUrl":"https://s1.dia.es/medias/he8/hcc/9375147687966.jpg"},{"title":"CAMPO VIEJO vino tinto cvc DO Rioja botella 75 cl","price":"3,85 €","pricePerUnit":"(5,13 €/l.)","imgUrl":"https://s0.dia.es/medias/hcf/h77/9365629665310.jpg"},{"title":"CAMPO VIEJO vino tinto reserva DO rioja botella 75 cl","price":"8,55 €","pricePerUnit":"(11,40 €/l.)","imgUrl":"https://s2.dia.es/medias/hfc/h74/9621703524382.jpg"},{"title":"CAMPO VIEJO vino tinto vendimia seleccionada DO rioja botella 75 cl","price":"5,99 €","pricePerUnit":"(7,99 €/l.)","imgUrl":"https://s1.dia.es/medias/h31/h4a/9375151620126.jpg"},{"title":"CASTILLO ALBAI vino tinto crianza DO rioja botella 75 cl","price":"5,50 €","pricePerUnit":"(7,33 €/l.)","imgUrl":"https://s1.dia.es/medias/h5c/h7d/9374641455134.jpg"},{"title":"CASTILLO DE ALBAI vino tinto DO Rioja botella 75 cl","price":"3,87 €","pricePerUnit":"(5,16 €/l.)","imgUrl":"https://s3.dia.es/medias/hd0/h5e/9374674452510.jpg"},{"title":"COSME PALACIO vino tinto DO Rioja botella 75 cl","price":"16,50 €","pricePerUnit":"(22,00 €/l.)","imgUrl":"https://s1.dia.es/medias/h39/h01/9516286017566.jpg"},{"title":"COTO DE IMAZ vino tinto reserva DO Rioja botella 75 cl","price":"8,25 €","pricePerUnit":"(11,00 €/l.)","imgUrl":"https://s3.dia.es/medias/h01/h9a/9030044909598.jpg"},{"title":"CVNE vino tinto crianza DO Rioja botella 75 cl","price":"6,45 €","pricePerUnit":"(8,60 €/l.)","imgUrl":"https://s1.dia.es/medias/hce/hb4/9488248438814.jpg"},{"title":"CVNE Vino tinto reserva DO Rioja botella 75 cl","price":"10,50 €","pricePerUnit":"(14,00 €/l.)","imgUrl":"https://s3.dia.es/medias/h41/h88/9092506386462.jpg"},{"title":"EDERRA vino tinto crianza DO Rioja botella 75 cl","price":"6,75 €","pricePerUnit":"(9,00 €/l.)","imgUrl":"https://s3.dia.es/medias/h21/h8c/9381752864798.jpg"},{"title":"EDERRA vino tinto reserva DO Rioja botella 75 cl","price":"9,95 €","pricePerUnit":"(13,27 €/l.)","imgUrl":"https://s3.dia.es/medias/hcc/hfc/9236593836062.jpg"},{"title":"EL COTO vino tinto crianza DO Rioja botella 75 cl","price":"5,85 €","pricePerUnit":"(7,80 €/l.)","imgUrl":"https://s1.dia.es/medias/h1b/h1e/9134640300062.jpg"},{"title":"FASUTINO VII vino tinto cvc DO Rioja botella 75 cl","price":"3,91 €","pricePerUnit":"(5,21 €/l.)","imgUrl":"https://s1.dia.es/medias/h5d/h5a/9592216027166.jpg"},{"title":"FAUSTINO RIVERO ULECIA vino tinto crianza DO Rioja botella 75 cl","price":"4,75 €","pricePerUnit":"(6,33 €/l.)","imgUrl":"https://s3.dia.es/medias/h3a/h81/8872813232158.png"},{"title":"FAUSTINO RIVERO vino tinto DO Rioja botella 75 cl","price":"3,95 €","pricePerUnit":"(5,27 €/l.)","imgUrl":"https://s0.dia.es/medias/hcb/hba/9100884443166.jpg"},{"title":"FAUSTINO RIVERO vino tinto joven DO rioja botella 75 cl","price":"3,75 €","pricePerUnit":"(5,00 €/l.)","imgUrl":"https://s3.dia.es/medias/h6e/h64/9568509591582.jpg"},{"title":"FAUSTINO vino tinto DO Rioja botella 75 cl","price":"6,55 €","pricePerUnit":"(8,73 €/l.)","imgUrl":"https://s1.dia.es/medias/h33/ha6/8874663870494.png"},{"title":"GLORIOSO vino tinto DO Rioja botella 75 cl","price":"6,50 €","pricePerUnit":"(8,67 €/l.)","imgUrl":"https://s1.dia.es/medias/h9b/h28/9639094157342.jpg"},{"title":"LAGUNILLA VIÑA ARTAL vino tinto Rioja crianza botella 75 cl","price":"6,35 €","pricePerUnit":"(8,47 €/l.)","imgUrl":"https://s1.dia.es/medias/h5e/h3b/9564722298910.jpg"},{"title":"MARQUES DE CACERES vino tinto crianza DO Rioja botella 75 cl","price":"7,30 €","pricePerUnit":"(9,73 €/l.)","imgUrl":"https://s2.dia.es/medias/h1b/ha0/9573222580254.jpg"},{"title":"MARQUES DE CACERES vino tinto reserva DO rioja botella 75 cl","price":"11,50 €","pricePerUnit":"(15,33 €/l.)","imgUrl":"https://s2.dia.es/medias/hcc/ha2/9573000347678.jpg"},{"title":"MARQUÉS DE LA CONCORDIA vino tinto DO Rioja botella 75 cl","price":"6,95 €","pricePerUnit":"(9,27 €/l.)","imgUrl":"https://s1.dia.es/medias/h81/h52/9375258738718.jpg"},{"title":"MONÓLOGO vino tinto crianza DO Rioja botella 75 cl","price":"5,70 €","pricePerUnit":"(7,60 €/l.)","imgUrl":"https://s2.dia.es/medias/h32/hb2/9621192441886.jpg"},{"title":"PALACIO DE ALCANTARA vino tinto  DO Rioja botella 75 cl","price":"2,64 €","pricePerUnit":"(3,52 €/l.)","imgUrl":"https://s3.dia.es/medias/hd1/h47/8863910101022.jpg"},{"title":"PALACIO DE ALCANTARA vino tinto crianza DO Rioja botella 75 cl","price":"4,61 €","pricePerUnit":"(6,15 €/l.)","imgUrl":"https://s1.dia.es/medias/he9/hc4/9092505731102.jpg"},{"title":"PATERNINA BANDA AZUL vino tinto crianza DO Rioja botella 75 cl","price":"5,69 €","pricePerUnit":"(7,59 €/l.)","imgUrl":"https://s0.dia.es/medias/hbf/h18/9564726624286.jpg"},{"title":"RAMON BILBAO CRIANZA vino tinto do rioja botella 75 cl","price":"8,95 €","pricePerUnit":"(11,93 €/l.)","imgUrl":"https://s0.dia.es/medias/h00/h91/9290390011934.jpg"},{"title":"RAMÓN BILBAO vino tinto crianza DO Rioja botella 75 cl","price":"14,95 €","pricePerUnit":"(19,93 €/l.)","imgUrl":"https://s1.dia.es/medias/h48/h0a/9026388459550.jpg"},{"title":"SAN ASENSIO vino tinto DO Rioja botella 75 cl","price":"3,09 €","pricePerUnit":"(4,12 €/l.)","imgUrl":"https://s3.dia.es/medias/h9c/h60/9375165218846.jpg"},{"title":"SANTIAGO vino tinto DO Rioja botella 75 cl","price":"6,10 €","pricePerUnit":"(8,13 €/l.)","imgUrl":"https://s1.dia.es/medias/h17/h3d/9564725903390.jpg"},{"title":"SEÑORIO DE ONDAS vino tinto  DO Rioja botella 75 cl","price":"2,35 €","pricePerUnit":"(3,13 €/l.)","imgUrl":"https://s1.dia.es/medias/hd5/h25/8854869573662.png"},{"title":"SEÑORIO DE ONDAS vino tinto crianza DO Rioja botella 75 cl","price":"2,95 €","pricePerUnit":"(3,93 €/l.)","imgUrl":"https://s3.dia.es/medias/h57/hb5/8822534406174.png"},{"title":"SEÑORIO DE ONDAS vino tinto crianza DO Rioja pack 3 botellas 18,7 cl","price":"4,65 €","pricePerUnit":"(8,29 €/l.)","imgUrl":"https://s3.dia.es/medias/h75/h90/9165487603742.jpg"},{"title":"SEÑORIO DE ONDAS vino tinto gran reserva DO Rioja botella 75 cl","price":"8,50 €","pricePerUnit":"(11,33 €/l.)","imgUrl":"https://s3.dia.es/medias/hf9/haa/9004862177310.jpg"},{"title":"SEÑORIO DE ONDAS vino tinto reserva DO Rioja botella 75 cl","price":"3,99 €","pricePerUnit":"(5,32 €/l.)","imgUrl":"https://s1.dia.es/medias/h22/h7a/8822448422942.png"},{"title":"VIÑA ALARDE vino tinto DO Rioja botella 75 cl","price":"7,29 €","pricePerUnit":"(9,72 €/l.)","imgUrl":"https://s3.dia.es/medias/hdd/h9d/9564733341726.jpg"},{"title":"VIÑA ALARDE vino tinto DO Rioja botella 75 cl","price":"5,45 €","pricePerUnit":"(7,27 €/l.)","imgUrl":"https://s2.dia.es/medias/h7d/h1d/9564733669406.jpg"},{"title":"VIÑA POMAL vino tinto do rioja  botella 75 cl","price":"7,90 €","pricePerUnit":"(10,53 €/l.)","imgUrl":"https://s2.dia.es/medias/h08/h61/9384516616222.jpg"},{"title":"VIÑA POMAL vino tinto reserva DO Rioja botella 75 cl","price":"13,65 €","pricePerUnit":"(18,20 €/l.)","imgUrl":"https://s1.dia.es/medias/ha9/hb2/9236594163742.jpg"}]},"valencia":{"categoryUrl":"/compra-online/productos/bebidas/vinos-tintos/valencia/c/WEB.008.070.00493","products":[{"title":"BESO DE RECHENNA vino tinto DO Utiel Requena botella 75 cl","price":"8,30 €","pricePerUnit":"(11,07 €/l.)","imgUrl":"https://s0.dia.es/medias/h73/h03/9535891406878.jpg"},{"title":"FAUSTINO RIVERO vino tinto DO Utiel Requena botella 75 cl","price":"4,95 €","pricePerUnit":"(6,60 €/l.)","imgUrl":"https://s2.dia.es/medias/h1d/h0d/8958592811038.png"}]},"otros-nacional":{"categoryUrl":"/compra-online/productos/bebidas/vinos-tintos/otros-nacional/c/WEB.008.070.00490","products":[{"title":"BERBERANA SELECCIÓN ORO vino tinto de la tierra de Castila botella 75 cl","price":"3,99 €","pricePerUnit":"(5,32 €/l.)","imgUrl":"https://s1.dia.es/medias/h33/hd6/9564728918046.jpg"},{"title":"FAUSTINO RIVERO vino tinto tempranillo Do Castilla botella 75 cl","price":"3,40 €","pricePerUnit":"(4,53 €/l.)","imgUrl":"https://s0.dia.es/medias/h49/hcc/8958763761694.png"},{"title":"FINCA MONCLOA vino tinto Do Cádiz botella 75 cl","price":"16,25 €","pricePerUnit":"(21,67 €/l.)","imgUrl":"https://s2.dia.es/medias/haf/h61/9361951850526.jpg"},{"title":"HABLA DE LA TIERRA vino tinto botella 75 cl","price":"7,09 €","pricePerUnit":"(9,45 €/l.)","imgUrl":"https://s1.dia.es/medias/he4/hc4/9026345893918.jpg"},{"title":"PUERTA DE ALCALA vino tinto crianza botella 75 cl","price":"4,06 €","pricePerUnit":"(5,41 €/l.)","imgUrl":"https://s0.dia.es/medias/hde/h8f/9113635061790.jpg"},{"title":"VALDARCOS vino tinto botella 2 lt","price":"3,55 €","pricePerUnit":"(1,78 €/l.)","imgUrl":"https://s0.dia.es/medias/hec/ha7/9026384527390.jpg"}]},"internacional":{"categoryUrl":"/compra-online/productos/bebidas/vinos-tintos/internacional/c/WEB.008.070.00486","products":[{"title":"5 FINQUES vino tinto DO Cataluña botella 75 cl","price":"11,95 €","pricePerUnit":"(15,93 €/l.)","imgUrl":"https://s3.dia.es/medias/h8e/hfd/9326246232094.jpg"},{"title":"ALBALI vino tinto DO Valdepeñas botella 75 cl","price":"2,79 €","pricePerUnit":"(3,72 €/l.)","imgUrl":"https://s1.dia.es/medias/h6e/h96/9290361307166.jpg"},{"title":"ALCORTA vino tinto crianza do rioja botella 75 cl","price":"6,00 €","pricePerUnit":"(8,00 €/l.)","imgUrl":"https://s1.dia.es/medias/h14/h16/9381785862174.jpg"},{"title":"ALTOS DE TAMARON vino tinto crianza DO Ribera de Duero botella 75 cl","price":"6,99 €","pricePerUnit":"(9,32 €/l.)","imgUrl":"https://s2.dia.es/medias/h51/hb3/9290414096414.jpg"},{"title":"ALTOS DE TAMARON vino tinto reserva DO Ribera de Duero botella 75 cl","price":"13,49 €","pricePerUnit":"(17,99 €/l.)","imgUrl":"https://s0.dia.es/medias/h8c/h95/9621749006366.jpg"},{"title":"ALTOS DE TAMARON vino tinto roble DO Ribera del Duero botella 75 cl","price":"5,74 €","pricePerUnit":"(7,65 €/l.)","imgUrl":"https://s0.dia.es/medias/h8a/hf1/9290414424094.jpg"},{"title":"AZPILICUETA vino tinto crianza DO rioja botella 75 cl","price":"7,99 €","pricePerUnit":"(10,65 €/l.)","imgUrl":"https://s2.dia.es/medias/h66/h1a/9362604982302.jpg"},{"title":"BAJOZ ROBLE TORO vino tinto botella 75 cl","price":"4,19 €","pricePerUnit":"(5,59 €/l.)","imgUrl":"https://s1.dia.es/medias/h48/hf6/9290421469214.jpg"},{"title":"BAJOZ vino tinto crianza DO Toro botella 75 cl","price":"5,45 €","pricePerUnit":"(7,27 €/l.)","imgUrl":"https://s3.dia.es/medias/h3e/h69/9290364256286.jpg"},{"title":"BAJOZ vino tinto DO Toro botella 75 cl","price":"3,75 €","pricePerUnit":"(5,00 €/l.)","imgUrl":"https://s2.dia.es/medias/hdf/h69/9290392305694.jpg"},{"title":"BARON DE LEY vino tinto do rioja botella 75 cl","price":"9,50 €","pricePerUnit":"(12,67 €/l.)","imgUrl":"https://s1.dia.es/medias/h92/h53/9499364130846.jpg"},{"title":"BERBERANA CARTA DE PLATA vino tinto botella 75 cl","price":"3,59 €","pricePerUnit":"(4,79 €/l.)","imgUrl":"https://s3.dia.es/medias/h0b/h3a/9564725248030.jpg"},{"title":"BERBERANA CLASICO vino tinto reserva DO Jumilla botella 75 cl","price":"3,69 €","pricePerUnit":"(4,92 €/l.)","imgUrl":"https://s0.dia.es/medias/h22/h85/9564724264990.jpg"},{"title":"BERBERANA SELECCIÓN ORO vino tinto de la tierra de Castila botella 75 cl","price":"3,99 €","pricePerUnit":"(5,32 €/l.)","imgUrl":"https://s1.dia.es/medias/h33/hd6/9564728918046.jpg"},{"title":"BERBERANA vino tinto t&t botella 75 cl","price":"2,69 €\n\t\t\t\t\t\t\t2,29 €","pricePerUnit":"(3,59 €/l.)\n\t\t\t\t\t\t\t (3,05 €/l.)","imgUrl":"https://s3.dia.es/medias/heb/h7c/9564720005150.jpg"},{"title":"BERONIA vino tinto crianza DO Rioja botella 75 cl","price":"7,95 €","pricePerUnit":"(10,60 €/l.)","imgUrl":"https://s3.dia.es/medias/h8a/h64/9193788047390.jpg"},{"title":"BERONIA vino tinto DO Rioja botella 75 cl","price":"13,20 €","pricePerUnit":"(17,60 €/l.)","imgUrl":"https://s2.dia.es/medias/hd4/h57/9193783132190.jpg"},{"title":"BESO DE RECHENNA vino tinto DO Utiel Requena botella 75 cl","price":"8,30 €","pricePerUnit":"(11,07 €/l.)","imgUrl":"https://s0.dia.es/medias/h73/h03/9535891406878.jpg"},{"title":"BODEGAS ALAVESAS vino tinto DO Rioja botella 75 cl","price":"5,50 €","pricePerUnit":"(7,33 €/l.)","imgUrl":"https://s0.dia.es/medias/h64/ha4/8964341661726.jpg"},{"title":"BORDÓN vino tinto crianza DO Rioja botella 75 cl","price":"7,10 €","pricePerUnit":"(9,47 €/l.)","imgUrl":"https://s3.dia.es/medias/h25/h41/9669929369630.jpg"},{"title":"BORSAO vino tinto botella 75 cl","price":"7,00 €","pricePerUnit":"(9,33 €/l.)","imgUrl":"https://s2.dia.es/medias/hfd/hb8/9092576837662.jpg"},{"title":"BORSAO vino tinto DO Campo de Borja botella 75 cl","price":"2,70 €","pricePerUnit":"(3,60 €/l.)","imgUrl":"https://s3.dia.es/medias/he7/h36/8864541081630.jpg"},{"title":"BRACAMONTE vino tinto DO Ribera del Duero botella 75 cl","price":"10,48 €","pricePerUnit":"(13,97 €/l.)","imgUrl":"https://s0.dia.es/medias/h1c/hf9/9321134358558.jpg"},{"title":"CAMPO VIEJO vino tinto crianza DO Rioja botella 75 cl","price":"5,20 €","pricePerUnit":"(6,93 €/l.)","imgUrl":"https://s1.dia.es/medias/he8/hcc/9375147687966.jpg"},{"title":"CAMPO VIEJO vino tinto cvc DO Rioja botella 75 cl","price":"3,85 €","pricePerUnit":"(5,13 €/l.)","imgUrl":"https://s0.dia.es/medias/hcf/h77/9365629665310.jpg"},{"title":"CAMPO VIEJO vino tinto reserva DO rioja botella 75 cl","price":"8,55 €","pricePerUnit":"(11,40 €/l.)","imgUrl":"https://s2.dia.es/medias/hfc/h74/9621703524382.jpg"},{"title":"CAMPO VIEJO vino tinto vendimia seleccionada DO rioja botella 75 cl","price":"5,99 €","pricePerUnit":"(7,99 €/l.)","imgUrl":"https://s1.dia.es/medias/h31/h4a/9375151620126.jpg"},{"title":"CASTILLO ALBAI vino tinto crianza DO rioja botella 75 cl","price":"5,50 €","pricePerUnit":"(7,33 €/l.)","imgUrl":"https://s1.dia.es/medias/h5c/h7d/9374641455134.jpg"},{"title":"CASTILLO DE ALBAI vino tinto DO Rioja botella 75 cl","price":"3,87 €","pricePerUnit":"(5,16 €/l.)","imgUrl":"https://s3.dia.es/medias/hd0/h5e/9374674452510.jpg"},{"title":"CASTILLO DE VELASCO vino tinto botella 75 cl","price":"1,25 €","pricePerUnit":"(1,67 €/l.)","imgUrl":"https://s3.dia.es/medias/h98/h5f/8821902901278.png"},{"title":"CASTILLO DE VELASCO vino tinto envase 1 lt","price":"0,99 €","pricePerUnit":"(0,99 €/l.)","imgUrl":"https://s0.dia.es/medias/h2e/hff/8825520848926.png"},{"title":"CASTILLO DE VELASCO vino tinto garrafa 2 lt","price":"2,99 €","pricePerUnit":"(1,50 €/l.)","imgUrl":"https://s3.dia.es/medias/h49/h3f/8823019241502.png"},{"title":"CAÑO VIEJO vino tinto DO Jumilla botella 75 cl","price":"1,53 €","pricePerUnit":"(2,04 €/l.)","imgUrl":"https://s2.dia.es/medias/hd3/hc5/9334520021022.jpg"},{"title":"CERCEÑO vino tinto DO Toro botella 75 cl","price":"3,05 €","pricePerUnit":"(4,07 €/l.)","imgUrl":"https://s0.dia.es/medias/had/h73/8879431122974.png"},{"title":"CONDADO DE ORIZA vino tinto Do Ribera del Duero botella 75 cl","price":"10,45 €","pricePerUnit":"(13,93 €/l.)","imgUrl":"https://s2.dia.es/medias/h7a/hbb/9290409836574.jpg"},{"title":"COSME PALACIO vino tinto DO Rioja botella 75 cl","price":"16,50 €","pricePerUnit":"(22,00 €/l.)","imgUrl":"https://s1.dia.es/medias/h39/h01/9516286017566.jpg"},{"title":"COSTERS DEL PRIOR vino tinto DO Priorat botella 75 cl","price":"12,75 €","pricePerUnit":"(17,00 €/l.)","imgUrl":"https://s1.dia.es/medias/h97/h25/9536201654302.jpg"},{"title":"COTO DE IMAZ vino tinto reserva DO Rioja botella 75 cl","price":"8,25 €","pricePerUnit":"(11,00 €/l.)","imgUrl":"https://s3.dia.es/medias/h01/h9a/9030044909598.jpg"},{"title":"CRUZ DE ALBA vino tinto DO Ribera del Duero botella 75 cl","price":"16,99 €","pricePerUnit":"(22,65 €/l.)","imgUrl":"https://s3.dia.es/medias/hdd/h6f/9326240989214.jpg"},{"title":"CUMBRE DE GREDOS vino tinto envase 1 lt","price":"1,45 €","pricePerUnit":"(1,45 €/l.)","imgUrl":"https://s1.dia.es/medias/h63/hc2/9092094263326.jpg"},{"title":"CVNE vino tinto crianza DO Rioja botella 75 cl","price":"6,45 €","pricePerUnit":"(8,60 €/l.)","imgUrl":"https://s1.dia.es/medias/hce/hb4/9488248438814.jpg"},{"title":"CVNE Vino tinto reserva DO Rioja botella 75 cl","price":"10,50 €","pricePerUnit":"(14,00 €/l.)","imgUrl":"https://s3.dia.es/medias/h41/h88/9092506386462.jpg"},{"title":"CVNE vino tinto roble DO Ribera del Duero botella 75 cl","price":"7,75 €","pricePerUnit":"(10,33 €/l.)","imgUrl":"https://s1.dia.es/medias/h85/h9e/9565885595678.jpg"},{"title":"DON SIMON vino tinto envase 1 lt","price":"1,45 €","pricePerUnit":"(1,45 €/l.)","imgUrl":"https://s1.dia.es/medias/h66/h47/9158836289566.jpg"},{"title":"DURON vino tinto DO ribera duero botella 75 cl","price":"7,46 €","pricePerUnit":"(9,95 €/l.)","imgUrl":"https://s1.dia.es/medias/ha4/h2d/8864146161694.jpg"},{"title":"EDERRA vino tinto crianza DO Rioja botella 75 cl","price":"6,75 €","pricePerUnit":"(9,00 €/l.)","imgUrl":"https://s3.dia.es/medias/h21/h8c/9381752864798.jpg"},{"title":"EDERRA vino tinto reserva DO Rioja botella 75 cl","price":"9,95 €","pricePerUnit":"(13,27 €/l.)","imgUrl":"https://s3.dia.es/medias/hcc/hfc/9236593836062.jpg"},{"title":"EL COTO vino tinto crianza DO Rioja botella 75 cl","price":"5,85 €","pricePerUnit":"(7,80 €/l.)","imgUrl":"https://s1.dia.es/medias/h1b/h1e/9134640300062.jpg"},{"title":"EMÍNA vino tinto crianza DO Ribera del Duero botella 75 cl","price":"12,95 €","pricePerUnit":"(17,27 €/l.)","imgUrl":"https://s1.dia.es/medias/hef/hf8/9305865453598.jpg"},{"title":"ENATE vino tinto tempranillo crianza 2010 DO Somontano botella 75 cl","price":"8,50 €","pricePerUnit":"(11,33 €/l.)","imgUrl":"https://s0.dia.es/medias/h8c/hdf/9507682943006.jpg"},{"title":"FASUTINO VII vino tinto cvc DO Rioja botella 75 cl","price":"3,91 €","pricePerUnit":"(5,21 €/l.)","imgUrl":"https://s1.dia.es/medias/h5d/h5a/9592216027166.jpg"},{"title":"FAUSTINO RIVERO ULECIA vino tinto crianza DO Rioja botella 75 cl","price":"4,75 €","pricePerUnit":"(6,33 €/l.)","imgUrl":"https://s3.dia.es/medias/h3a/h81/8872813232158.png"},{"title":"FAUSTINO RIVERO vino tinto DO Rioja botella 75 cl","price":"3,95 €","pricePerUnit":"(5,27 €/l.)","imgUrl":"https://s0.dia.es/medias/hcb/hba/9100884443166.jpg"},{"title":"FAUSTINO RIVERO vino tinto DO Utiel Requena botella 75 cl","price":"4,95 €","pricePerUnit":"(6,60 €/l.)","imgUrl":"https://s2.dia.es/medias/h1d/h0d/8958592811038.png"},{"title":"FAUSTINO RIVERO vino tinto joven DO rioja botella 75 cl","price":"3,75 €","pricePerUnit":"(5,00 €/l.)","imgUrl":"https://s3.dia.es/medias/h6e/h64/9568509591582.jpg"},{"title":"FAUSTINO RIVERO vino tinto tempranillo Do Castilla botella 75 cl","price":"3,40 €","pricePerUnit":"(4,53 €/l.)","imgUrl":"https://s0.dia.es/medias/h49/hcc/8958763761694.png"},{"title":"FAUSTINO vino tinto DO Rioja botella 75 cl","price":"6,55 €","pricePerUnit":"(8,73 €/l.)","imgUrl":"https://s1.dia.es/medias/h33/ha6/8874663870494.png"},{"title":"FINCA ESPOLLA vino tinto DO Cataluña botella 75 ml","price":"15,75 €","pricePerUnit":"(21,00 €/l.)","imgUrl":"https://s2.dia.es/medias/h5b/h66/9326294859806.jpg"},{"title":"FINCA MALAVEINA vino tinto DO Cataluña botella 75 cl","price":"19,95 €","pricePerUnit":"(26,60 €/l.)","imgUrl":"https://s0.dia.es/medias/h3d/h32/9326312292382.jpg"},{"title":"FINCA MONCLOA vino tinto Do Cádiz botella 75 cl","price":"16,25 €","pricePerUnit":"(21,67 €/l.)","imgUrl":"https://s2.dia.es/medias/haf/h61/9361951850526.jpg"},{"title":"GLORIOSO vino tinto DO Rioja botella 75 cl","price":"6,50 €","pricePerUnit":"(8,67 €/l.)","imgUrl":"https://s1.dia.es/medias/h9b/h28/9639094157342.jpg"},{"title":"GR-174 vino tinto Do Priorat botella 75 cl","price":"11,95 €","pricePerUnit":"(15,93 €/l.)","imgUrl":"https://s2.dia.es/medias/h78/hc5/9326256128030.jpg"},{"title":"GREGO vino tinto DO Madrid botella 75 cl","price":"6,95 €","pricePerUnit":"(9,27 €/l.)","imgUrl":"https://s1.dia.es/medias/hc7/h50/9326291583006.jpg"},{"title":"GREGO vino tinto DO Madrid botella 75 cl","price":"9,75 €","pricePerUnit":"(13,00 €/l.)","imgUrl":"https://s2.dia.es/medias/hed/h18/9326276509726.jpg"},{"title":"HABLA DE LA TIERRA vino tinto botella 75 cl","price":"7,09 €","pricePerUnit":"(9,45 €/l.)","imgUrl":"https://s1.dia.es/medias/he4/hc4/9026345893918.jpg"},{"title":"HACIENDA ZORITA vino tinto botella 75 cl","price":"4,49 €","pricePerUnit":"(5,99 €/l.)","imgUrl":"https://s3.dia.es/medias/hf8/h5f/9564759785502.jpg"},{"title":"HEREDAD TORRESANO vino tinto roble botella 75 cl","price":"5,60 €","pricePerUnit":"(7,47 €/l.)","imgUrl":"https://s1.dia.es/medias/he4/h46/9536145227806.jpg"},{"title":"LAGUNILLA VIÑA ARTAL vino tinto Rioja crianza botella 75 cl","price":"6,35 €","pricePerUnit":"(8,47 €/l.)","imgUrl":"https://s1.dia.es/medias/h5e/h3b/9564722298910.jpg"},{"title":"LOS MOLINOS vino tinto crianza DO Valdepeñas botella 75 cl","price":"2,69 €","pricePerUnit":"(3,59 €/l.)","imgUrl":"https://s2.dia.es/medias/h0d/h50/9290411802654.jpg"},{"title":"LOS MOLINOS vino tinto DO Valdepeñas botella 75 cl","price":"1,96 €","pricePerUnit":"(2,61 €/l.)","imgUrl":"https://s0.dia.es/medias/h11/hb7/9374658723870.jpg"},{"title":"MARQUES DE CACERES vino tinto crianza DO Rioja botella 75 cl","price":"7,30 €","pricePerUnit":"(9,73 €/l.)","imgUrl":"https://s2.dia.es/medias/h1b/ha0/9573222580254.jpg"},{"title":"MARQUES DE CACERES vino tinto reserva DO rioja botella 75 cl","price":"11,50 €","pricePerUnit":"(15,33 €/l.)","imgUrl":"https://s2.dia.es/medias/hcc/ha2/9573000347678.jpg"},{"title":"MARQUÉS DE LA CONCORDIA vino tinto DO Rioja botella 75 cl","price":"6,95 €","pricePerUnit":"(9,27 €/l.)","imgUrl":"https://s1.dia.es/medias/h81/h52/9375258738718.jpg"},{"title":"MATARROMERA vino tinto crianza 2013 DO Ribera del Duero botella 75 cl","price":"18,95 €","pricePerUnit":"(25,27 €/l.)","imgUrl":"https://s1.dia.es/medias/h3f/h44/9305854640158.jpg"},{"title":"MAYOR DE CASTILLA vino tinto roble DO Ribera del Duero botella 75 cl","price":"4,95 €","pricePerUnit":"(6,60 €/l.)","imgUrl":"https://s1.dia.es/medias/hc6/h07/9092044554270.jpg"},{"title":"MELIOR DE MATARROMERA vino tinto roble DO Ribera del Duero botella 75 cl","price":"7,80 €","pricePerUnit":"(10,40 €/l.)","imgUrl":"https://s1.dia.es/medias/h70/h36/9161857597470.jpg"},{"title":"MONTE ARAGÓN vino tinto botella 75 cl","price":"1,99 €","pricePerUnit":"(2,65 €/l.)","imgUrl":"https://s0.dia.es/medias/h34/he8/8879528214558.png"},{"title":"MONÓLOGO vino tinto crianza DO Rioja botella 75 cl","price":"5,70 €","pricePerUnit":"(7,60 €/l.)","imgUrl":"https://s2.dia.es/medias/h32/hb2/9621192441886.jpg"},{"title":"PALACIO DE ALCANTARA vino tinto  DO Rioja botella 75 cl","price":"2,64 €","pricePerUnit":"(3,52 €/l.)","imgUrl":"https://s3.dia.es/medias/hd1/h47/8863910101022.jpg"},{"title":"PALACIO DE ALCANTARA vino tinto crianza DO Rioja botella 75 cl","price":"4,61 €","pricePerUnit":"(6,15 €/l.)","imgUrl":"https://s1.dia.es/medias/he9/hc4/9092505731102.jpg"},{"title":"PATERNINA BANDA AZUL vino tinto crianza DO Rioja botella 75 cl","price":"5,69 €","pricePerUnit":"(7,59 €/l.)","imgUrl":"https://s0.dia.es/medias/hbf/h18/9564726624286.jpg"},{"title":"PEÑAMONTE vino tinto DO Toro botella 75 cl","price":"4,95 €","pricePerUnit":"(6,60 €/l.)","imgUrl":"https://s0.dia.es/medias/h40/hb2/9516267208734.jpg"},{"title":"PEÑASOL vino tinto envase 1 lt","price":"1,25 €","pricePerUnit":"(1,25 €/l.)","imgUrl":"https://s1.dia.es/medias/hd2/hfe/9158809288734.jpg"},{"title":"PORTIA CRIANZA vino tinto botella 75 cl","price":"14,47 €","pricePerUnit":"(19,29 €/l.)","imgUrl":"https://s2.dia.es/medias/h4b/h46/9502682447902.jpg"},{"title":"PRADO REY vino tinto DO Ribera del Duero botella 75 cl","price":"12,75 €","pricePerUnit":"(17,00 €/l.)","imgUrl":"https://s3.dia.es/medias/h8d/hd6/9210129023006.jpg"},{"title":"PRADO REY vino tinto roble DO Ribera del Duero botella 75 cl","price":"7,35 €","pricePerUnit":"(9,80 €/l.)","imgUrl":"https://s2.dia.es/medias/h66/h90/9210139181086.jpg"},{"title":"PROTOS CRIANZA vino tinto botella 75 cl","price":"15,95 €","pricePerUnit":"(21,27 €/l.)","imgUrl":"https://s0.dia.es/medias/hb7/h8d/8863932121118.jpg"},{"title":"PROTOS vino tinto reserva DO ribera botella 75 cl","price":"26,25 €","pricePerUnit":"(35,00 €/l.)","imgUrl":"https://s0.dia.es/medias/h16/h8a/9554405752862.jpg"},{"title":"PROTOS vino tinto roble DO Ribera de Duero botella 75 cl","price":"8,87 €","pricePerUnit":"(11,83 €/l.)","imgUrl":"https://s2.dia.es/medias/hf2/he3/8864376782878.jpg"},{"title":"PUERTA DE ALCALA vino tinto crianza botella 75 cl","price":"4,06 €","pricePerUnit":"(5,41 €/l.)","imgUrl":"https://s0.dia.es/medias/hde/h8f/9113635061790.jpg"},{"title":"PUERTA DE ALCALA vino tinto do madrid botella 75 cl","price":"2,63 €","pricePerUnit":"(3,51 €/l.)","imgUrl":"https://s0.dia.es/medias/h18/h63/9113637027870.jpg"},{"title":"PUERTA DE ALCALA vino tinto DO Madrid botella 75 cl","price":"4,95 €","pricePerUnit":"(6,60 €/l.)","imgUrl":"https://s1.dia.es/medias/h3b/h00/9322167926814.jpg"},{"title":"PURIFICACIÓN vino tinto DO Madrid botella 75 cl","price":"12,75 €","pricePerUnit":"(17,00 €/l.)","imgUrl":"https://s0.dia.es/medias/h4d/h6a/9326286667806.jpg"},{"title":"RAMON BILBAO CRIANZA vino tinto do rioja botella 75 cl","price":"8,95 €","pricePerUnit":"(11,93 €/l.)","imgUrl":"https://s0.dia.es/medias/h00/h91/9290390011934.jpg"},{"title":"RAMÓN BILBAO vino tinto crianza DO Rioja botella 75 cl","price":"14,95 €","pricePerUnit":"(19,93 €/l.)","imgUrl":"https://s1.dia.es/medias/h48/h0a/9026388459550.jpg"},{"title":"RIBERA DE ALGODOR vino tinto DO Mancha botella 75 cl","price":"1,45 €","pricePerUnit":"(1,93 €/l.)","imgUrl":"https://s2.dia.es/medias/h04/h2f/8822324690974.png"},{"title":"SAN ASENSIO vino tinto DO Rioja botella 75 cl","price":"3,09 €","pricePerUnit":"(4,12 €/l.)","imgUrl":"https://s3.dia.es/medias/h9c/h60/9375165218846.jpg"},{"title":"SAN ROMÁN vino tinto DO Toro botella 75 cl","price":"25,50 €","pricePerUnit":"(34,00 €/l.)","imgUrl":"https://s0.dia.es/medias/h66/h8b/8878450835486.png"},{"title":"SANGRE DE TORO vino tinto DO Cataluña botella  75 cl","price":"4,97 €","pricePerUnit":"(6,63 €/l.)","imgUrl":"https://s0.dia.es/medias/h08/h7c/9665610809374.jpg"},{"title":"SANTIAGO vino tinto DO Rioja botella 75 cl","price":"6,10 €","pricePerUnit":"(8,13 €/l.)","imgUrl":"https://s1.dia.es/medias/h17/h3d/9564725903390.jpg"}]},"mesa":{"categoryUrl":"/compra-online/productos/bebidas/vinos-tintos/mesa/c/WEB.008.070.00488","products":[{"title":"BERBERANA CARTA DE PLATA vino tinto botella 75 cl","price":"3,59 €","pricePerUnit":"(4,79 €/l.)","imgUrl":"https://s3.dia.es/medias/h0b/h3a/9564725248030.jpg"},{"title":"CASTILLO DE VELASCO vino tinto botella 75 cl","price":"1,25 €","pricePerUnit":"(1,67 €/l.)","imgUrl":"https://s3.dia.es/medias/h98/h5f/8821902901278.png"},{"title":"CASTILLO DE VELASCO vino tinto envase 1 lt","price":"0,99 €","pricePerUnit":"(0,99 €/l.)","imgUrl":"https://s0.dia.es/medias/h2e/hff/8825520848926.png"},{"title":"CASTILLO DE VELASCO vino tinto garrafa 2 lt","price":"2,99 €","pricePerUnit":"(1,50 €/l.)","imgUrl":"https://s3.dia.es/medias/h49/h3f/8823019241502.png"},{"title":"CUMBRE DE GREDOS vino tinto envase 1 lt","price":"1,45 €","pricePerUnit":"(1,45 €/l.)","imgUrl":"https://s1.dia.es/medias/h63/hc2/9092094263326.jpg"},{"title":"DON SIMON vino tinto envase 1 lt","price":"1,45 €","pricePerUnit":"(1,45 €/l.)","imgUrl":"https://s1.dia.es/medias/h66/h47/9158836289566.jpg"},{"title":"PEÑASOL vino tinto envase 1 lt","price":"1,25 €","pricePerUnit":"(1,25 €/l.)","imgUrl":"https://s1.dia.es/medias/hd2/hfe/9158809288734.jpg"}]}},"cavas-y-champagne":{"name":"Cavasychampagne","productTypes":["cava-brut","cava-brut-nature","champagne"],"cava-brut":{"categoryUrl":"/compra-online/productos/bebidas/cavas-y-champagne/cava-brut/c/WEB.008.071.00494","products":[{"title":"FREIXENET cava brut carta nevada botella 75 cl","price":"5,30 €","pricePerUnit":"(7,07 €/l.)","imgUrl":"https://s2.dia.es/medias/h89/hd2/9535928041502.jpg"},{"title":"FREIXENET cava brut cordon negro botella 75 cl","price":"6,99 €","pricePerUnit":"(9,32 €/l.)","imgUrl":"https://s0.dia.es/medias/h67/heb/9535764463646.jpg"},{"title":"MUMM brut cordon rouge champange botella 75 cl","price":"33,84 €","pricePerUnit":"(45,12 €/l.)","imgUrl":"https://s3.dia.es/medias/h10/hb4/9506604318750.jpg"},{"title":"SEGURA VIUDAS cava brut reserva botella 75 cl","price":"7,90 €","pricePerUnit":"(10,53 €/l.)","imgUrl":"https://s1.dia.es/medias/h67/hd9/9535999213598.jpg"}]},"cava-brut-nature":{"categoryUrl":"/compra-online/productos/bebidas/cavas-y-champagne/cava-brut-nature/c/WEB.008.071.00495","products":[{"title":"CODORNIU cava brut nature plus ultra botella 75 cl","price":"14,65 €","pricePerUnit":"(19,53 €/l.)","imgUrl":"https://s3.dia.es/medias/h8d/h27/9384520220702.jpg"},{"title":"GRAND ASTORIA cava brut nature botella 75 cl","price":"3,16 €","pricePerUnit":"(4,21 €/l.)","imgUrl":"https://s2.dia.es/medias/h82/h6d/8821954805790.png"},{"title":"JUVE Y CAMPS cava nature brut reserva botella 75 cl","price":"16,25 €","pricePerUnit":"(21,67 €/l.)","imgUrl":"https://s3.dia.es/medias/ha1/he8/9388003557406.jpg"}]},"champagne":{"categoryUrl":"/compra-online/productos/bebidas/cavas-y-champagne/champagne/c/WEB.008.071.00499","products":[{"title":"MOET & CHANDON champagne brut botella 75 cl","price":"35,99 €","pricePerUnit":"(47,99 €/l.)","imgUrl":"https://s1.dia.es/medias/h55/had/9484511608862.jpg"}]}},"sidra":{"name":"Sidra","productTypes":["sidra"],"sidra":{"categoryUrl":"/compra-online/productos/bebidas/sidra/sidra/c/WEB.008.072.00501","products":[{"title":"DIA sidra achampanada botella 75 cl","price":"0,99 €","pricePerUnit":"(1,32 €/l.)","imgUrl":"https://s2.dia.es/medias/h46/h8d/9498738294814.jpg"},{"title":"DIA sidra achampanada botellin pack 6x250 cl","price":"1,95 €","pricePerUnit":"(1,30 €/l.)","imgUrl":"https://s3.dia.es/medias/h24/hab/9500866904094.jpg"},{"title":"DIA sidra natural botella 70 cl","price":"1,52 €","pricePerUnit":"(2,17 €/l.)","imgUrl":"https://s1.dia.es/medias/h9f/h53/8836245585950.png"},{"title":"EL GAITERO sidra botella 70 cl","price":"1,65 €","pricePerUnit":"(2,36 €/l.)","imgUrl":"https://s1.dia.es/medias/h7e/h02/9674594910238.jpg"},{"title":"EL GAITERO sidra extra botella 75 cl","price":"2,05 €","pricePerUnit":"(2,73 €/l.)","imgUrl":"https://s1.dia.es/medias/h8c/ha8/9512979759134.jpg"},{"title":"LADRON DE MANZANAS sidra de manzana botella 25 cl","price":"0,95 €","pricePerUnit":"(3,80 €/l.)","imgUrl":"https://s3.dia.es/medias/h35/h04/9626441351198.jpg"}]}}},"bebe":{"name":"Bebe","subCategoriesName":["alimentacion-infantil","higiene","panales"],"alimentacion-infantil":{"name":"Alimentacióninfantil","productTypes":["leches-infantiles-en-polvo","leches-liquidas","papillas-infantiles","potitos-de-carne","potitos-de-pescado","potitos-de-verduras-y-legumbres","potitos-de-fruta-y-postre","galletas","zumos-y-bebidas"],"leches-infantiles-en-polvo":{"categoryUrl":"/compra-online/productos/bebe/alimentacion-infantil/leches-infantiles-en-polvo/c/WEB.009.073.00509","products":[{"title":"ALMIRON leche infantil en polvo etapa 1 caja 800 gr","price":"17,49 €","pricePerUnit":"(21,86 €/Kg.)","imgUrl":"https://s2.dia.es/medias/he6/h98/9240138842142.jpg"},{"title":"ALMIRON leche infantil en polvo etapa 2 caja 800 gr","price":"13,99 €","pricePerUnit":"(17,49 €/Kg.)","imgUrl":"https://s3.dia.es/medias/h1b/hd5/9240161779742.jpg"},{"title":"ALMIRON leche infantil en polvo etapa 3 caja 800 gr","price":"12,75 €","pricePerUnit":"(15,94 €/Kg.)","imgUrl":"https://s3.dia.es/medias/hdd/heb/9240184455198.jpg"},{"title":"HERO Baby nutrasense leche en polvo continuación 2 bote 800 gr","price":"7,75 €","pricePerUnit":"(9,69 €/Kg.)","imgUrl":"https://s0.dia.es/medias/h4c/h7c/9673754935326.jpg"},{"title":"HERO Baby nutrasense leche en polvo crecimiento 3 bote 800 gr","price":"9,50 €","pricePerUnit":"(11,88 €/Kg.)","imgUrl":"https://s2.dia.es/medias/hc4/h44/9673755983902.jpg"},{"title":"HERO Baby nutrasense leche en polvo para lactantes 1 bote 800 gr","price":"9,50 €","pricePerUnit":"(11,88 €/Kg.)","imgUrl":"https://s0.dia.es/medias/h97/hbb/9673754542110.jpg"},{"title":"HIPP leche en polvo continuación 2 biológico caja 600 gr","price":"13,99 €","pricePerUnit":"(23,32 €/Kg.)","imgUrl":"https://s1.dia.es/medias/h13/hdb/9576908521502.jpg"},{"title":"HIPP leche en polvo crecimiento 3 biológico caja 500 gr","price":"12,29 €","pricePerUnit":"(24,58 €/Kg.)","imgUrl":"https://s2.dia.es/medias/h5f/h91/9077866004510.jpg"},{"title":"NATIVA leche infantil 2 bote 800 gr","price":"8,39 €","pricePerUnit":"(10,49 €/Kg.)","imgUrl":"https://s1.dia.es/medias/h64/h0c/9673670557726.jpg"},{"title":"NATIVA leche infantil crecimiento 3 bote 800 gr","price":"10,25 €","pricePerUnit":"(12,81 €/Kg.)","imgUrl":"https://s0.dia.es/medias/h8e/h01/9673669574686.jpg"},{"title":"NATIVA leche infantil inicio 1 star bote 800 gr","price":"11,93 €","pricePerUnit":"(14,91 €/Kg.)","imgUrl":"https://s0.dia.es/medias/h98/hac/9673740222494.jpg"},{"title":"NESTLE papilla 8 cereales con miel caja 900 gr","price":"4,95 €","pricePerUnit":"(5,50 €/Kg.)","imgUrl":"https://s0.dia.es/medias/h75/h77/9657985040414.jpg"},{"title":"NIDINA leche 1 inicio premium bote 800 gr","price":"13,95 €","pricePerUnit":"(17,44 €/Kg.)","imgUrl":"https://s3.dia.es/medias/h32/hf5/9616011001886.jpg"},{"title":"NIDINA leche infantil 2 bote 800 gr","price":"13,00 €","pricePerUnit":"(16,25 €/Kg.)","imgUrl":"https://s2.dia.es/medias/haf/hb7/9637933645854.jpg"},{"title":"NIDINA leche infantil 3 bote 800 gr","price":"13,00 €","pricePerUnit":"(16,25 €/Kg.)","imgUrl":"https://s2.dia.es/medias/hfa/h1f/9637899698206.jpg"},{"title":"NIDINA Premium leche en polvo crecimiento 4 bote 800 gr","price":"12,99 €","pricePerUnit":"(16,24 €/Kg.)","imgUrl":"https://s3.dia.es/medias/h4e/h5e/9637900353566.jpg"}]},"leches-liquidas":{"categoryUrl":"/compra-online/productos/bebe/alimentacion-infantil/leches-liquidas/c/WEB.009.073.00699","products":[{"title":"BABYSMILE leche crecimiento envase 1lt","price":"1,09 €","pricePerUnit":"(1,09 €/l.)","imgUrl":"https://s2.dia.es/medias/h9e/h56/8961302396958.jpg"},{"title":"NESTLE Energy leche crecimiento con galleta maría +2 años envase 1 lt","price":"1,59 €","pricePerUnit":"(1,59 €/l.)","imgUrl":"https://s2.dia.es/medias/h1b/h60/9615989112862.jpg"},{"title":"NESTLE Junior leche crecimiento cereales +12 meses envase 1 lt","price":"1,65 €","pricePerUnit":"(1,65 €/l.)","imgUrl":"https://s3.dia.es/medias/h7c/h18/9615931473950.jpg"},{"title":"NESTLE Junior leche crecimiento galletas maría +12 meses envase 1 lt","price":"1,65 €","pricePerUnit":"(1,65 €/l.)","imgUrl":"https://s1.dia.es/medias/h38/h2c/9615898378270.jpg"},{"title":"NESTLE Junior leche crecimiento original +12 meses envase 1 lt","price":"1,65 €","pricePerUnit":"(1,65 €/l.)","imgUrl":"https://s1.dia.es/medias/hee/h01/9616021487646.jpg"},{"title":"NIDINA Premium leche 1 para lactantes envase 500 ml","price":"1,79 €","pricePerUnit":"(3,58 €/l.)","imgUrl":"https://s2.dia.es/medias/h35/h2c/9637859917854.jpg"},{"title":"PULEVA leche peques2 crecimiento envase 1 lt","price":"1,49 €","pricePerUnit":"(1,49 €/l.)","imgUrl":"https://s0.dia.es/medias/h84/hdf/9585760370718.jpg"},{"title":"PULEVA leche peques3 crecimiento con omega3 envase 1 lt","price":"1,65 €","pricePerUnit":"(1,65 €/l.)","imgUrl":"https://s0.dia.es/medias/h1e/h7a/9371344764958.jpg"},{"title":"PULEVA leche peques3 crecimiento creales envase 1lt","price":"1,65 €","pricePerUnit":"(1,65 €/l.)","imgUrl":"https://s2.dia.es/medias/h20/hb4/9371341160478.jpg"},{"title":"PULEVA Peques3 cereal cacao pack 3 unidades 200 ml","price":"1,41 €","pricePerUnit":"(2,35 €/l.)","imgUrl":"https://s2.dia.es/medias/h5c/h1b/9585762664478.jpg"},{"title":"PULEVA Peques3 multifrutas pack 3 unidades 200 ml","price":"1,39 €","pricePerUnit":"(2,32 €/l.)","imgUrl":"https://s2.dia.es/medias/h17/ha2/9585764958238.jpg"}]},"papillas-infantiles":{"categoryUrl":"/compra-online/productos/bebe/alimentacion-infantil/papillas-infantiles/c/WEB.009.073.00503","products":[{"title":"ALMIRON papilla de cereales con galleta caja 500 gr","price":"3,49 €","pricePerUnit":"(6,98 €/Kg.)","imgUrl":"https://s3.dia.es/medias/hfc/h10/9240255954974.jpg"},{"title":"ALMIRON papilla de multicereales caja 500 gr","price":"3,49 €","pricePerUnit":"(6,98 €/Kg.)","imgUrl":"https://s0.dia.es/medias/hbe/hf0/9565273620510.jpg"},{"title":"BABYSMILE papilla Multicereales caja 900gr","price":"3,19 €","pricePerUnit":"(3,54 €/Kg.)","imgUrl":"https://s0.dia.es/medias/h74/hcd/9439358615582.jpg"},{"title":"HERO Baby papilla 8 cereales 0% azúcares añadidos caja 820 gr","price":"5,75 €","pricePerUnit":"(7,01 €/Kg.)","imgUrl":"https://s2.dia.es/medias/h31/h71/9673859891230.jpg"},{"title":"HERO Baby papilla 8 cereales fruta 0% azúcares añadidos caja 340 gr","price":"2,99 €","pricePerUnit":"(8,79 €/Kg.)","imgUrl":"https://s1.dia.es/medias/hf8/h7d/9673854255134.jpg"},{"title":"HERO Baby papilla 8 cereales galleta 0% azúcares añadidos caja 340 gr","price":"2,99 €","pricePerUnit":"(8,79 €/Kg.)","imgUrl":"https://s2.dia.es/medias/h06/h7a/9673846063134.jpg"},{"title":"HERO Baby papilla 8 cereales miel 0% azúcares añadidos caja 410 gr","price":"2,99 €","pricePerUnit":"(7,29 €/Kg.)","imgUrl":"https://s0.dia.es/medias/hf6/h93/9673846718494.jpg"},{"title":"HERO Baby Solo papilla multicereales 100% ecológica caja 300 gr","price":"2,45 €","pricePerUnit":"(8,17 €/Kg.)","imgUrl":"https://s2.dia.es/medias/hbc/h44/9673736880158.jpg"},{"title":"HIPP papilla de cereal crema de arroz biológico caja 400 gr","price":"4,59 €","pricePerUnit":"(11,48 €/Kg.)","imgUrl":"https://s0.dia.es/medias/hde/h98/9578668916766.jpg"},{"title":"HIPP papilla multicereales biológico caja 400 gr","price":"4,59 €","pricePerUnit":"(11,48 €/Kg.)","imgUrl":"https://s0.dia.es/medias/h6e/h4e/9250485665822.jpg"},{"title":"NESTLE papilla 8 cereales con bifidus caja 600 gr","price":"3,59 €","pricePerUnit":"(5,98 €/Kg.)","imgUrl":"https://s0.dia.es/medias/hf9/h9b/9676155453470.jpg"},{"title":"NESTLE papilla 8 cereales con galleta maría caja 900 gr","price":"4,79 €","pricePerUnit":"(5,32 €/Kg.)","imgUrl":"https://s3.dia.es/medias/h2a/h07/9663295127582.jpg"},{"title":"NESTLE papilla 8 cereales con miel caja 600 gr","price":"3,59 €","pricePerUnit":"(5,98 €/Kg.)","imgUrl":"https://s1.dia.es/medias/h05/h12/9637840650270.jpg"},{"title":"NESTLE papilla 8 cereales galleta caja 600 gr","price":"3,59 €","pricePerUnit":"(5,98 €/Kg.)","imgUrl":"https://s3.dia.es/medias/h63/h4c/9676155781150.jpg"},{"title":"NESTLE papilla de cereales sin gluten maíz y arroz caja 600 gr","price":"3,59 €","pricePerUnit":"(5,98 €/Kg.)","imgUrl":"https://s2.dia.es/medias/h68/h43/9657099976734.jpg"},{"title":"NESTLE papilla líquida 8 cereales con galleta y leche continuación 2x250 ml","price":"2,00 €","pricePerUnit":"(4,00 €/l.)","imgUrl":"https://s3.dia.es/medias/hf2/hee/9615922167838.jpg"},{"title":"NESTLE papilla líquida 8 cereales con miel pack 2 unidades 250 ml","price":"2,00 €","pricePerUnit":"(4,00 €/l.)","imgUrl":"https://s1.dia.es/medias/h1c/h71/9615988457502.jpg"}]},"potitos-de-carne":{"categoryUrl":"/compra-online/productos/bebe/alimentacion-infantil/potitos-de-carne/c/WEB.009.073.00504","products":[{"title":"BABYSMILE pollo con arroz tarrito 2 x200 gr","price":"1,55 €","pricePerUnit":"(3,88 €/Kg.)","imgUrl":"https://s2.dia.es/medias/h31/h6f/8828532817950.png"},{"title":"BABYSMILE pollo con arroz tarrito 250 gr","price":"0,85 €","pricePerUnit":"(3,40 €/Kg.)","imgUrl":"https://s0.dia.es/medias/h21/hf5/9004986040350.jpg"},{"title":"BABYSMILE pollo con verduras tarrito 2x200 gr","price":"1,55 €","pricePerUnit":"(3,88 €/Kg.)","imgUrl":"https://s3.dia.es/medias/h3f/h11/8862274748446.png"},{"title":"BABYSMILE pollo con verduritas tarrito 250 gr","price":"0,85 €","pricePerUnit":"(3,40 €/Kg.)","imgUrl":"https://s0.dia.es/medias/hbc/h93/9004962381854.jpg"},{"title":"BABYSMILE selección de verduras con ternera tarrito 200 gr","price":"0,89 €","pricePerUnit":"(4,45 €/Kg.)","imgUrl":"https://s0.dia.es/medias/hef/h9d/9498741571614.jpg"},{"title":"BABYSMILE verduritas tiernas y pavo tarrito 200 gr","price":"0,89 €","pricePerUnit":"(4,45 €/Kg.)","imgUrl":"https://s3.dia.es/medias/h53/h0a/9498740588574.jpg"},{"title":"HERO Baby arroz con pollo tarrito 235 gr","price":"0,99 €","pricePerUnit":"(4,21 €/Kg.)","imgUrl":"https://s2.dia.es/medias/h60/hf5/9673675472926.jpg"},{"title":"HERO Baby buenas noches guisantes con jamón tarrito 2x190 gr","price":"1,70 €","pricePerUnit":"(4,47 €/Kg.)","imgUrl":"https://s1.dia.es/medias/hff/h47/9673680125982.jpg"},{"title":"HERO Baby buenas noches pollo con verduritas tarrito 2x190 gr","price":"1,70 €","pricePerUnit":"(4,47 €/Kg.)","imgUrl":"https://s1.dia.es/medias/haf/hbd/9673752576030.jpg"},{"title":"HERO Baby buenas noches verduritas con pavo tarrito 2x190 gr","price":"1,70 €","pricePerUnit":"(4,47 €/Kg.)","imgUrl":"https://s3.dia.es/medias/h86/h01/9673683468318.jpg"},{"title":"HERO Baby menestra con jamón y ternera tarrito 235 gr","price":"0,99 €","pricePerUnit":"(4,21 €/Kg.)","imgUrl":"https://s0.dia.es/medias/hc0/ha5/9673747169310.jpg"},{"title":"HERO Baby recetas caseras cocido con ternera tarrito 2x190 gr","price":"1,79 €","pricePerUnit":"(4,71 €/Kg.)","imgUrl":"https://s3.dia.es/medias/h44/h60/9673676455966.jpg"},{"title":"HERO Baby recetas caseras menestra de cordero a la crema tarrito 2x190 gr","price":"1,75 €","pricePerUnit":"(4,61 €/Kg.)","imgUrl":"https://s0.dia.es/medias/h4c/h0a/9673672523806.jpg"},{"title":"HERO Baby recetas jardinera de ternera tarrito 2x190 gr","price":"1,70 €","pricePerUnit":"(4,47 €/Kg.)","imgUrl":"https://s1.dia.es/medias/h22/h69/9673678094366.jpg"},{"title":"HERO Baby Solo jardinera de ternera 100% ecológica tarrito 190 gr","price":"1,34 €","pricePerUnit":"(7,05 €/Kg.)","imgUrl":"https://s3.dia.es/medias/hab/h6d/9673737273374.jpg"},{"title":"HERO Baby verduritas con delicias de pavo tarrito 235 gr","price":"0,99 €","pricePerUnit":"(4,21 €/Kg.)","imgUrl":"https://s0.dia.es/medias/h0e/ha0/9673673506846.jpg"},{"title":"HERO Baby verduritas con pollo y ternera tarrito 235 gr","price":"0,99 €","pricePerUnit":"(4,21 €/Kg.)","imgUrl":"https://s1.dia.es/medias/h11/h43/9673746186270.jpg"},{"title":"HERO Baby zanahorias con ternera tarrito 235 gr","price":"0,99 €","pricePerUnit":"(4,21 €/Kg.)","imgUrl":"https://s0.dia.es/medias/h85/hf4/9673748807710.jpg"},{"title":"HIPP verduras con pasta y pollo biológico tarrito 250 gr","price":"1,85 €","pricePerUnit":"(7,40 €/Kg.)","imgUrl":"https://s0.dia.es/medias/hb1/h98/9578603249694.jpg"},{"title":"HIPP verduras y arroz con pollo biológico tarrito 190 gr","price":"1,79 €","pricePerUnit":"(9,42 €/Kg.)","imgUrl":"https://s0.dia.es/medias/hae/h59/9576955707422.jpg"},{"title":"NESTLE arroz y pollo tarrito 250 gr","price":"0,99 €","pricePerUnit":"(3,96 €/Kg.)","imgUrl":"https://s2.dia.es/medias/h52/h59/9615873409054.jpg"},{"title":"NESTLE jardinera de ternera tarrito 250 gr","price":"0,99 €","pricePerUnit":"(3,96 €/Kg.)","imgUrl":"https://s3.dia.es/medias/h51/hb4/9615914500126.jpg"},{"title":"NESTLE Naturnes selección judías verdes y patatas con ternera tarrito 2x200 gr","price":"2,25 €","pricePerUnit":"(5,63 €/Kg.)","imgUrl":"https://s2.dia.es/medias/h3b/hcd/9615900016670.jpg"},{"title":"NESTLE Naturnes selección zanahoría y calabaza con ternera tarrito 190 gr","price":"1,30 €","pricePerUnit":"(6,84 €/Kg.)","imgUrl":"https://s3.dia.es/medias/hb9/ha6/9578163830814.jpg"},{"title":"SMILEAT pollo con arroz 100% ecológica tarrito 230 gr","price":"2,09 €","pricePerUnit":"(9,09 €/Kg.)","imgUrl":"https://s1.dia.es/medias/hdd/hec/9677923942430.jpg"},{"title":"SMILEAT ternera con verduras 100% ecológica tarrito 230 gr","price":"2,09 €","pricePerUnit":"(9,09 €/Kg.)","imgUrl":"https://s3.dia.es/medias/hab/h49/9677922893854.jpg"}]},"potitos-de-pescado":{"categoryUrl":"/compra-online/productos/bebe/alimentacion-infantil/potitos-de-pescado/c/WEB.009.073.00506","products":[{"title":"BABYSMILE pescadilla a la crema tarrito 2x200 gr","price":"1,55 €","pricePerUnit":"(3,88 €/Kg.)","imgUrl":"https://s3.dia.es/medias/had/hd0/8855067885598.png"},{"title":"BABYSMILE selección de verduritas con merluza tarrito 250 gr","price":"0,85 €","pricePerUnit":"(3,40 €/Kg.)","imgUrl":"https://s3.dia.es/medias/h7f/hd1/9004934135838.jpg"},{"title":"HERO Baby arroz blanco con supremas de merluza tarrito 235 gr","price":"0,99 €","pricePerUnit":"(4,21 €/Kg.)","imgUrl":"https://s3.dia.es/medias/h90/h52/9673675800606.jpg"},{"title":"HERO Baby buenas noches crema de verduras con rape tarrito 2x190 gr","price":"2,35 €","pricePerUnit":"(6,18 €/Kg.)","imgUrl":"https://s1.dia.es/medias/h4b/h5c/9673684779038.jpg"},{"title":"HERO Baby buenas noches verduras con pescadilla tarrito 2x190 gr","price":"1,70 €","pricePerUnit":"(4,47 €/Kg.)","imgUrl":"https://s1.dia.es/medias/hdc/h84/9673750282270.jpg"},{"title":"HERO Baby cocina medit. cazuelita de merluza a la marinera tarro 2x200 gr","price":"2,29 €","pricePerUnit":"(5,73 €/Kg.)","imgUrl":"https://s2.dia.es/medias/h36/h12/9673672851486.jpg"},{"title":"HERO Baby lenguado con crema de bechamel tarrito 235 gr","price":"0,99 €","pricePerUnit":"(4,21 €/Kg.)","imgUrl":"https://s2.dia.es/medias/h29/h45/9673748152350.jpg"},{"title":"HERO Baby verduritas con merluza tarrito 235 gr","price":"0,99 €","pricePerUnit":"(4,21 €/Kg.)","imgUrl":"https://s1.dia.es/medias/hfd/h59/9673719513118.jpg"},{"title":"NESTLE Naturnes selección verduritas de la huerta con merluza tarrito 2x200 gr","price":"2,25 €","pricePerUnit":"(5,63 €/Kg.)","imgUrl":"https://s0.dia.es/medias/h0a/h7c/9615899361310.jpg"},{"title":"SMILEAT verduras con merluza tarrito 230 gr","price":"2,09 €","pricePerUnit":"(9,09 €/Kg.)","imgUrl":"https://s2.dia.es/medias/h3a/h89/9677924270110.jpg"}]},"potitos-de-verduras-y-legumbres":{"categoryUrl":"/compra-online/productos/bebe/alimentacion-infantil/potitos-de-verduras-y-legumbres/c/WEB.009.073.00507","products":[{"title":"HERO Baby recetas caseras lentejas con verduritas tarrito 2x190 gr","price":"1,79 €","pricePerUnit":"(4,71 €/Kg.)","imgUrl":"https://s3.dia.es/medias/h73/h06/9673679077406.jpg"},{"title":"HERO Baby Solo crema de calabaza y puré de patatas 100% ecológica tarrito 190 gr","price":"1,34 €","pricePerUnit":"(7,05 €/Kg.)","imgUrl":"https://s2.dia.es/medias/h24/h35/9673737601054.jpg"},{"title":"HERO Baby Solo menestra de verduras con dorada 100% ecológica tarrito 190 gr","price":"1,49 €","pricePerUnit":"(7,84 €/Kg.)","imgUrl":"https://s3.dia.es/medias/h50/h33/9084456370206.jpg"},{"title":"HERO Baby Solo verduras de la huerta con pollo y arroz 100% ecológica 190 gr","price":"1,34 €","pricePerUnit":"(7,05 €/Kg.)","imgUrl":"https://s1.dia.es/medias/hd1/h7e/9673736093726.jpg"},{"title":"HERO Baby zanahorías con arroz en caldito tarrito 235 gr","price":"0,99 €","pricePerUnit":"(4,21 €/Kg.)","imgUrl":"https://s2.dia.es/medias/h7a/h0f/9673684123678.jpg"},{"title":"NESTLE verduritas de la huerta con pollo tarrito 250 gr","price":"0,99 €","pricePerUnit":"(3,96 €/Kg.)","imgUrl":"https://s2.dia.es/medias/hd0/h25/9615906570270.jpg"}]},"potitos-de-fruta-y-postre":{"categoryUrl":"/compra-online/productos/bebe/alimentacion-infantil/potitos-de-fruta-y-postre/c/WEB.009.073.00505","products":[{"title":"BABYSMILE frutas con cereales tarrito 250 gr","price":"0,85 €","pricePerUnit":"(3,40 €/Kg.)","imgUrl":"https://s0.dia.es/medias/he1/h14/9004996263966.jpg"},{"title":"BABYSMILE frutas con galleta tarrito 2x200 gr","price":"1,55 €","pricePerUnit":"(3,88 €/Kg.)","imgUrl":"https://s2.dia.es/medias/hd3/hab/8898744156190.png"},{"title":"BABYSMILE frutas variadas tarrito 2 x200 gr","price":"1,38 €","pricePerUnit":"(3,45 €/Kg.)","imgUrl":"https://s1.dia.es/medias/h1d/hd3/8862312497182.png"},{"title":"BABYSMILE Merienda postre sabor chocolate tarrito 2x100 gr","price":"1,39 €","pricePerUnit":"(6,95 €/Kg.)","imgUrl":"https://s2.dia.es/medias/haa/hc9/8898708602910.png"},{"title":"BABYSMILE multifrutas con zumo de uva tarrito 250 gr","price":"0,85 €","pricePerUnit":"(3,40 €/Kg.)","imgUrl":"https://s1.dia.es/medias/h2f/h99/9004961726494.jpg"},{"title":"BABYSMILE pera, melocotón y plátano tarrito 2x200 gr","price":"1,49 €","pricePerUnit":"(3,73 €/Kg.)","imgUrl":"https://s3.dia.es/medias/h26/h69/8961269891102.jpg"},{"title":"BABYSMILE plátano y melocotón tarrito 2x200 gr","price":"1,49 €","pricePerUnit":"(3,73 €/Kg.)","imgUrl":"https://s2.dia.es/medias/he7/h9f/8860521070622.png"},{"title":"BABYSMILE plátano, mandarina y pera tarrito 2x200 gr","price":"1,49 €","pricePerUnit":"(3,73 €/Kg.)","imgUrl":"https://s1.dia.es/medias/haf/h4d/8860514254878.png"},{"title":"BABYSMILE selección de frutas y plátano tarrito 250 gr","price":"0,85 €","pricePerUnit":"(3,40 €/Kg.)","imgUrl":"https://s1.dia.es/medias/h3a/hf7/9004984074270.jpg"},{"title":"HERO Baby cocina mediterránea multifruta con galleta maría tarrito 2x200 gr","price":"2,29 €","pricePerUnit":"(5,73 €/Kg.)","imgUrl":"https://s0.dia.es/medias/h72/ha0/9673682092062.jpg"},{"title":"HERO Baby compota de manzana tarrito 235 gr","price":"0,99 €","pricePerUnit":"(4,21 €/Kg.)","imgUrl":"https://s3.dia.es/medias/h1b/hf2/9657179734046.jpg"},{"title":"HERO Baby frutas variadas tarrito 235 gr","price":"0,99 €","pricePerUnit":"(4,21 €/Kg.)","imgUrl":"https://s2.dia.es/medias/h94/h97/9673680453662.jpg"},{"title":"HERO Baby manzana y plátano pouch 100 gr","price":"0,89 €","pricePerUnit":"(8,90 €/Kg.)","imgUrl":"https://s0.dia.es/medias/h7a/hbf/9673666232350.jpg"},{"title":"HERO Baby melocotón de la huerta y plátano tarrito 235 gr","price":"0,99 €","pricePerUnit":"(4,21 €/Kg.)","imgUrl":"https://s0.dia.es/medias/h43/h05/9668403527710.jpg"},{"title":"HERO Baby merienda frutas variadas y galleta maría tarrito 2x190 gr","price":"1,99 €","pricePerUnit":"(5,24 €/Kg.)","imgUrl":"https://s1.dia.es/medias/h3c/h65/9673750609950.jpg"},{"title":"HERO Baby merienda mandarina manzana y galleta maría tarrito 2x190 gr","price":"1,99 €","pricePerUnit":"(5,24 €/Kg.)","imgUrl":"https://s0.dia.es/medias/h8f/h9f/9673718857758.jpg"},{"title":"HERO Baby merienda melocotón y yogur tarrito 2x130 gr","price":"1,99 €","pricePerUnit":"(7,65 €/Kg.)","imgUrl":"https://s0.dia.es/medias/hcd/h3b/8944376447006.jpg"},{"title":"HERO Baby merienda naranja, plátano y galletas maría tarrito 2x190 gr","price":"1,99 €","pricePerUnit":"(5,24 €/Kg.)","imgUrl":"https://s0.dia.es/medias/hda/haf/9673676783646.jpg"},{"title":"HERO Baby merienda natillas con galleta maría tarrito 2x130 gr","price":"1,99 €","pricePerUnit":"(7,65 €/Kg.)","imgUrl":"https://s1.dia.es/medias/ha5/he4/9673659547678.jpg"},{"title":"HERO Baby merienda plátano y yogur tarrito 2x130 gr","price":"1,99 €","pricePerUnit":"(7,65 €/Kg.)","imgUrl":"https://s1.dia.es/medias/hb3/h28/8944375136286.jpg"},{"title":"HERO Baby multifrutas con galleta pouch 100 gr","price":"0,89 €","pricePerUnit":"(8,90 €/Kg.)","imgUrl":"https://s0.dia.es/medias/hc0/he5/9673667543070.jpg"},{"title":"HERO Baby petit queso plátano y manzana tarrito 2x80 gr","price":"1,65 €","pricePerUnit":"(10,31 €/Kg.)","imgUrl":"https://s2.dia.es/medias/h0f/h5f/9673684451358.jpg"},{"title":"HERO Baby petit queso y frutas variadas tarrito 2x80 gr","price":"1,53 €","pricePerUnit":"(9,56 €/Kg.)","imgUrl":"https://s3.dia.es/medias/h2e/h5d/9673678749726.jpg"},{"title":"HERO Baby plátano, mandarina y pera tarrito 235 gr","price":"0,99 €","pricePerUnit":"(4,21 €/Kg.)","imgUrl":"https://s2.dia.es/medias/hcf/h70/9668404183070.jpg"},{"title":"HERO Baby selección de tres frutas tarrito 235 gr","price":"0,99 €","pricePerUnit":"(4,21 €/Kg.)","imgUrl":"https://s2.dia.es/medias/h87/hb7/9668402872350.jpg"},{"title":"HERO Baby Solo manzana verde 100% ecológica tarrito 120 gr","price":"1,05 €","pricePerUnit":"(8,75 €/Kg.)","imgUrl":"https://s0.dia.es/medias/h39/hd1/9673722691614.jpg"},{"title":"HERO Baby Solo pera y manzana 100% ecológica tarrito 120 gr","price":"0,98 €","pricePerUnit":"(8,17 €/Kg.)","imgUrl":"https://s0.dia.es/medias/h94/h0f/9673722200094.jpg"},{"title":"HERO Baby Solo pera, plátano y naranja 100% ecológica pouch 100 gr","price":"0,99 €","pricePerUnit":"(9,90 €/Kg.)","imgUrl":"https://s1.dia.es/medias/h59/hd0/9673738256414.jpg"},{"title":"HERO Baby Solo pera, plátano y zanahoria 100% ecológica tarrito 120 gr","price":"0,95 €","pricePerUnit":"(7,92 €/Kg.)","imgUrl":"https://s2.dia.es/medias/hb7/h67/8916739948574.png"},{"title":"HERO Baby Solo pera, plátano, manzana y zanahoria 100% ecológica pouch 100 gr","price":"0,99 €","pricePerUnit":"(9,90 €/Kg.)","imgUrl":"https://s2.dia.es/medias/h03/hcc/9673737928734.jpg"},{"title":"HERO Baby Solo plátano 100% ecológica tarrito 120 gr","price":"1,05 €","pricePerUnit":"(8,75 €/Kg.)","imgUrl":"https://s0.dia.es/medias/haf/h21/8916739325982.png"},{"title":"HERO Baby todofruta frutas variadas tarrito 2x120 gr","price":"1,09 €","pricePerUnit":"(4,54 €/Kg.)","imgUrl":"https://s0.dia.es/medias/h97/hea/9673751920670.jpg"},{"title":"HERO Baby yogurines fresa pack 4x100 gr","price":"2,25 €","pricePerUnit":"(5,63 €/Kg.)","imgUrl":"https://s0.dia.es/medias/h52/h5c/9673668263966.jpg"},{"title":"HERO Baby yogurines multifruta pouch 80 gr","price":"0,89 €","pricePerUnit":"(11,13 €/Kg.)","imgUrl":"https://s1.dia.es/medias/hd9/hff/9673719840798.jpg"},{"title":"HERO Baby yogurines plátano pack 4x100 gr","price":"2,25 €","pricePerUnit":"(5,63 €/Kg.)","imgUrl":"https://s3.dia.es/medias/h15/hd9/8900261838878.jpg"},{"title":"HERO Nanos frutiguay gelatina sabor frutitas del bosque pouch 100 gr","price":"0,89 €","pricePerUnit":"(8,90 €/Kg.)","imgUrl":"https://s0.dia.es/medias/h8a/h14/9673835577374.jpg"},{"title":"HERO Supernanos super yogurt griego con cookies pouch 100 gr","price":"0,89 €","pricePerUnit":"(8,90 €/Kg.)","imgUrl":"https://s2.dia.es/medias/h0d/hf4/9673678422046.jpg"},{"title":"HIPP multifrutas biológico tarrito 250 gr","price":"2,19 €","pricePerUnit":"(8,76 €/Kg.)","imgUrl":"https://s0.dia.es/medias/hb7/h78/9579604672542.jpg"},{"title":"NESTLE  postre 6 frutas tarrito 250 gr","price":"0,99 €","pricePerUnit":"(3,96 €/Kg.)","imgUrl":"https://s0.dia.es/medias/h74/h2c/9615899033630.jpg"},{"title":"NESTLE frutas variadas tarrito 250 gr","price":"0,99 €","pricePerUnit":"(3,96 €/Kg.)","imgUrl":"https://s2.dia.es/medias/h66/h65/9615883763742.jpg"},{"title":"NESTLE Naturnes merienda 6 frutas con galleta tarro 250 gr","price":"0,99 €","pricePerUnit":"(3,96 €/Kg.)","imgUrl":"https://s3.dia.es/medias/h53/h8a/9615931801630.jpg"},{"title":"NESTLE Naturnes plátano, naranja y galleta pouch 90 gr","price":"1,00 €","pricePerUnit":"(11,11 €/Kg.)","imgUrl":"https://s1.dia.es/medias/h07/h0f/9615917842462.jpg"},{"title":"NESTLE Naturnes selección de frutas tarrito 190 gr","price":"1,20 €","pricePerUnit":"(6,32 €/Kg.)","imgUrl":"https://s1.dia.es/medias/h62/hf8/9578194894878.jpg"},{"title":"NESTLE Naturnes selección multifrutas tarrito 2x200 gr","price":"2,20 €","pricePerUnit":"(5,50 €/Kg.)","imgUrl":"https://s2.dia.es/medias/ha1/h6e/9615930753054.jpg"},{"title":"NESTLE Naturnes yogur natural bio pack 4 unidades 90 gr","price":"2,95 €","pricePerUnit":"(8,19 €/Kg.)","imgUrl":"https://s1.dia.es/medias/h20/hbf/9606323208222.jpg"},{"title":"NESTLE platano,naranja y galleta tarrito 250 gr","price":"0,99 €","pricePerUnit":"(3,96 €/Kg.)","imgUrl":"https://s3.dia.es/medias/h74/h8c/9615907225630.jpg"},{"title":"NESTLE postre lacteo fresa tarrina 4x100 gr","price":"2,55 €","pricePerUnit":"(6,38 €/Kg.)","imgUrl":"https://s1.dia.es/medias/h35/h15/9641249013790.jpg"},{"title":"NESTLE Yogolino fresa y frambuesa pack 6x60 gr","price":"2,89 €","pricePerUnit":"(8,03 €/Kg.)","imgUrl":"https://s2.dia.es/medias/h43/hc8/9641218932766.jpg"},{"title":"NESTLE Yogolino pera pack 4x100 gr","price":"2,29 €","pricePerUnit":"(5,73 €/Kg.)","imgUrl":"https://s2.dia.es/medias/h6f/h02/9683298910238.jpg"},{"title":"NESTLE Yogolino plátano pack 4x100 gr","price":"2,55 €","pricePerUnit":"(6,38 €/Kg.)","imgUrl":"https://s0.dia.es/medias/h5f/h29/9641248686110.jpg"},{"title":"NESTLE Yogolino plátano y melocotón pack 6x60 gr","price":"2,89 €","pricePerUnit":"(8,03 €/Kg.)","imgUrl":"https://s1.dia.es/medias/h08/h31/9641227583518.jpg"},{"title":"PASCUAL yogikids fresa pouch 2x80gr","price":"1,39 €","pricePerUnit":"(8,69 €/Kg.)","imgUrl":"https://s1.dia.es/medias/hb3/hff/9432424054814.jpg"},{"title":"PASCUAL yogikids fresa-plátano pouch 2x80gr","price":"1,39 €","pricePerUnit":"(8,69 €/Kg.)","imgUrl":"https://s1.dia.es/medias/h91/h13/9432351834142.jpg"},{"title":"SMILEAT pera y manzana 100% ecológica tarrito 230 gr","price":"1,89 €","pricePerUnit":"(8,22 €/Kg.)","imgUrl":"https://s2.dia.es/medias/h7d/h41/9569461403678.jpg"},{"title":"SMILEAT tres frutas 100% ecológica tarrito 230 gr","price":"1,89 €","pricePerUnit":"(8,22 €/Kg.)","imgUrl":"https://s3.dia.es/medias/hd5/h53/9569443971102.jpg"}]},"galletas":{"categoryUrl":"/compra-online/productos/bebe/alimentacion-infantil/galletas/c/WEB.009.073.00502","products":[{"title":"HERO Baby mi primera galleta sin gluten bolsa 180 gr","price":"2,49 €","pricePerUnit":"(13,83 €/Kg.)","imgUrl":"https://s2.dia.es/medias/h4a/h4b/9673685434398.jpg"}]},"zumos-y-bebidas":{"categoryUrl":"/compra-online/productos/bebe/alimentacion-infantil/zumos-y-bebidas/c/WEB.009.073.00508","products":[{"title":"HERO Baby 3 frutas pouch 100 gr","price":"0,89 €","pricePerUnit":"(8,90 €/Kg.)","imgUrl":"https://s2.dia.es/medias/h76/ha6/9673667936286.jpg"},{"title":"HERO Baby fruta zumo frutas variadas pack 2x130 ml","price":"1,05 €","pricePerUnit":"(4,04 €/l.)","imgUrl":"https://s1.dia.es/medias/hb1/h08/9673718530078.jpg"},{"title":"HERO Baby yogurines natural pouch 80 gr","price":"0,89 €","pricePerUnit":"(11,13 €/Kg.)","imgUrl":"https://s2.dia.es/medias/h15/h93/9673681109022.jpg"},{"title":"HERO Nanos kikiriki yogur con bizcocho pouch 100 gr","price":"0,89 €","pricePerUnit":"(8,90 €/Kg.)","imgUrl":"https://s1.dia.es/medias/h42/h15/9673672196126.jpg"},{"title":"HERO nanos naranja, platano, galletas pouch 100 gr","price":"0,89 €","pricePerUnit":"(8,90 €/Kg.)","imgUrl":"https://s2.dia.es/medias/h5d/h62/9673674489886.jpg"},{"title":"HERO Nanos petit queso y fresa pouch 80 gr","price":"0,89 €","pricePerUnit":"(11,13 €/Kg.)","imgUrl":"https://s2.dia.es/medias/h4c/h14/9673847701534.jpg"},{"title":"HERO nanos platano, fresa pouch 100 gr","price":"0,89 €","pricePerUnit":"(8,90 €/Kg.)","imgUrl":"https://s2.dia.es/medias/h28/h61/9673682485278.jpg"},{"title":"HERO Nanos superfruta tropical pouch 100 gr","price":"0,89 €","pricePerUnit":"(8,90 €/Kg.)","imgUrl":"https://s2.dia.es/medias/hd0/h3c/9673681764382.jpg"},{"title":"HERO nanos yogur con platano, fresa pouch 100 gr","price":"0,89 €","pricePerUnit":"(8,90 €/Kg.)","imgUrl":"https://s2.dia.es/medias/h32/h56/9673682812958.jpg"},{"title":"HIPPIS manzana, pera y plátano bio pouch 100 gr","price":"1,35 €","pricePerUnit":"(13,50 €/Kg.)","imgUrl":"https://s1.dia.es/medias/h3e/hee/9258569891870.jpg"},{"title":"HIPPIS manzana, plátano y fresa bio pouch 100 gr","price":"1,35 €","pricePerUnit":"(13,50 €/Kg.)","imgUrl":"https://s2.dia.es/medias/h50/hc7/9258581032990.jpg"},{"title":"JUNIORSMILE fresa y plátano pouch 100 gr","price":"0,70 €","pricePerUnit":"(7,00 €/Kg.)","imgUrl":"https://s3.dia.es/medias/h07/hab/8961308295198.jpg"},{"title":"JUNIORSMILE fruta variada pouch 100 gr","price":"0,67 €","pricePerUnit":"(6,70 €/Kg.)","imgUrl":"https://s2.dia.es/medias/h22/hfe/8961328087070.jpg"},{"title":"NESTLE 4 frutas pouch 90 gr","price":"0,90 €","pricePerUnit":"(10,00 €/Kg.)","imgUrl":"https://s2.dia.es/medias/hab/hd7/9641224241182.jpg"},{"title":"NESTLE manzana y plátano pouch 90 gr","price":"0,90 €","pricePerUnit":"(10,00 €/Kg.)","imgUrl":"https://s2.dia.es/medias/haf/hbc/9615906897950.jpg"},{"title":"NESTLE Naturnes manzana, zanahoria y mango pouch 90 gr","price":"1,00 €","pricePerUnit":"(11,11 €/Kg.)","imgUrl":"https://s2.dia.es/medias/hbd/h93/9615997108254.jpg"},{"title":"NESTLE Yogolino 3 frutas con cereales pouch 90 gr","price":"1,09 €","pricePerUnit":"(12,11 €/Kg.)","imgUrl":"https://s2.dia.es/medias/h60/h3a/9641249341470.jpg"},{"title":"NESTLE Yogolino multifrutas con cereales pouch 90 gr","price":"1,09 €","pricePerUnit":"(12,11 €/Kg.)","imgUrl":"https://s1.dia.es/medias/h8c/h1e/9641227255838.jpg"},{"title":"NESTLE Yogolino plátano pouch 90 gr","price":"1,09 €","pricePerUnit":"(12,11 €/Kg.)","imgUrl":"https://s0.dia.es/medias/hbb/h6e/9641235185694.jpg"},{"title":"PASCUAL yogikids fresa pouch 2x80gr","price":"1,39 €","pricePerUnit":"(8,69 €/Kg.)","imgUrl":"https://s1.dia.es/medias/hb3/hff/9432424054814.jpg"},{"title":"PASCUAL yogikids fresa-plátano pouch 2x80gr","price":"1,39 €","pricePerUnit":"(8,69 €/Kg.)","imgUrl":"https://s1.dia.es/medias/h91/h13/9432351834142.jpg"}]}},"higiene":{"name":"Higiene","productTypes":["colonia-infantil","cremas-y-lociones","champu","gel-y-jabon","toallitas","puericultura"],"colonia-infantil":{"categoryUrl":"/compra-online/productos/bebe/higiene/colonia-infantil/c/WEB.009.074.00510","products":[{"title":"BABYSMILE colonia infantil en spray 250 ml","price":"1,99 €","pricePerUnit":"(7,96 €/l.)","imgUrl":"https://s0.dia.es/medias/hd1/h02/8958764810270.png"},{"title":"BONTE agua de colonia sin alcohol spray 250 ml","price":"1,99 €","pricePerUnit":"(7,96 €/l.)","imgUrl":"https://s0.dia.es/medias/h4d/h26/9127123320862.jpg"},{"title":"CHICCO Natural sensation agua perfumada 100 ml","price":"6,95 €","pricePerUnit":"(69,50 €/l.)","imgUrl":"https://s0.dia.es/medias/h20/h7c/9043184910366.jpg"},{"title":"DENENES colonia muy suave botella 600 ml","price":"2,99 €","pricePerUnit":"(4,60 €/l.)","imgUrl":"https://s2.dia.es/medias/h54/h27/9118232444958.jpg"},{"title":"DENENES colonia spray 200 ml","price":"3,99 €","pricePerUnit":"(19,95 €/l.)","imgUrl":"https://s2.dia.es/medias/h3c/h07/9633803370526.jpg"},{"title":"EAU MY BB colonia bebe spray 60 ml","price":"9,95 €","pricePerUnit":"(165,83 €/l.)","imgUrl":"https://s3.dia.es/medias/hae/h61/9409822883870.jpg"},{"title":"EMOJI pack colonia 50 ml + 2 colonias 7 ml + colgador puerta","price":"13,99 €","pricePerUnit":"(13,99 €/ud.)","imgUrl":"https://s1.dia.es/medias/hb9/h7a/9080224841758.jpg"},{"title":"FROZEN colonia corporal spray 200 ml","price":"4,95 €","pricePerUnit":"(24,75 €/l.)","imgUrl":"https://s1.dia.es/medias/h44/hce/8853865660446.png"},{"title":"INSTITUTO ESPAÑOL Baby agua de colonia gotas frescas bote 750 ml","price":"8,99 €","pricePerUnit":"(11,99 €/l.)","imgUrl":"https://s3.dia.es/medias/h83/h5d/9136152608798.jpg"},{"title":"INSTITUTO ESPAÑOL Baby agua de colonia gotas frescas spray 250 ml","price":"4,45 €","pricePerUnit":"(17,80 €/l.)","imgUrl":"https://s3.dia.es/medias/hb4/h7b/9136120627230.jpg"},{"title":"JOHNSON Baby colonia baja en alcohol botella 600 + 150 ml","price":"3,29 €","pricePerUnit":"(4,39 €/l.)","imgUrl":"https://s2.dia.es/medias/hb5/hf4/9552692019230.jpg"},{"title":"LA PATRULLA CANINA colonia spray 200 ml","price":"6,69 €","pricePerUnit":"(33,45 €/l.)","imgUrl":"https://s1.dia.es/medias/h71/h9f/9080246140958.jpg"},{"title":"LA PATRULLA CANINA pack colonia 50 ml + vaso","price":"13,99 €","pricePerUnit":"(279,80 €/l.)","imgUrl":"https://s1.dia.es/medias/h6d/he8/9077814460446.jpg"},{"title":"MINIONS colonia fresca spray 200 ml","price":"5,95 €","pricePerUnit":"(29,75 €/l.)","imgUrl":"https://s3.dia.es/medias/h8c/hf6/8946262573086.png"},{"title":"NENUCO agua de colonia botella 600 ml","price":"3,29 €","pricePerUnit":"(5,48 €/l.)","imgUrl":"https://s3.dia.es/medias/h67/h08/9639194951710.jpg"},{"title":"NENUCO agua de colonia fresca bote 600 ml","price":"3,39 €","pricePerUnit":"(5,65 €/l.)","imgUrl":"https://s1.dia.es/medias/h1c/he5/9639392903198.jpg"},{"title":"NENUCO agua de colonia mickey spray 175 ml","price":"5,99 €","pricePerUnit":"(34,23 €/l.)","imgUrl":"https://s2.dia.es/medias/h50/hb4/9639183089694.jpg"},{"title":"NENUCO agua de colonia minnie spray 175 ml","price":"5,99 €","pricePerUnit":"(34,23 €/l.)","imgUrl":"https://s0.dia.es/medias/h66/hdd/9639132168222.jpg"},{"title":"NENUCO colonia spray botella 240ml","price":"4,40 €","pricePerUnit":"(18,33 €/l.)","imgUrl":"https://s3.dia.es/medias/h99/h00/9639433404446.jpg"},{"title":"SOY LUNA colonia corporal spray 200 ml","price":"6,99 €","pricePerUnit":"(34,95 €/l.)","imgUrl":"https://s1.dia.es/medias/h4a/h74/9080218615838.jpg"},{"title":"SOY LUNA pack colonia 50 ml + gel de ducha 100 ml","price":"11,99 €","pricePerUnit":"(11,99 €/ud.)","imgUrl":"https://s2.dia.es/medias/he2/h43/9077926264862.jpg"},{"title":"SPIDERMAN colonia corporal fresca spray 200 ml","price":"5,50 €","pricePerUnit":"(5,50 €/ud.)","imgUrl":"https://s1.dia.es/medias/h86/hd8/8964272848926.jpg"},{"title":"STAR WARS colonia fresca spray 200 ml","price":"6,99 €","pricePerUnit":"(34,95 €/l.)","imgUrl":"https://s2.dia.es/medias/h66/hfa/9110065643550.jpg"},{"title":"STAR WARS pack colonia 50 ml + gel de ducha tubo 100 ml","price":"10,95 €","pricePerUnit":"(10,95 €/ud.)","imgUrl":"https://s1.dia.es/medias/h17/h5b/9077841166366.jpg"},{"title":"SUPER HERO GIRLS colonia corporal spray 200 ml","price":"6,99 €","pricePerUnit":"(34,95 €/l.)","imgUrl":"https://s0.dia.es/medias/h9b/h6c/9080318689310.jpg"},{"title":"SUPER HERO GIRLS pack champú + colonia + loción corporal + gel de ducha","price":"12,95 €","pricePerUnit":"(3,24 €/ud.)","imgUrl":"https://s0.dia.es/medias/ha8/hc9/9077894938654.jpg"}]},"cremas-y-lociones":{"categoryUrl":"/compra-online/productos/bebe/higiene/cremas-y-lociones/c/WEB.009.074.00511","products":[{"title":"BABYSMILE aceite corporal para bebés botella 500 ml","price":"1,99 €","pricePerUnit":"(3,98 €/l.)","imgUrl":"https://s3.dia.es/medias/hcd/h78/9158115557406.jpg"},{"title":"BABYSMILE crema para bebés protectora del pañal tubo 100 ml","price":"2,67 €","pricePerUnit":"(26,70 €/l.)","imgUrl":"https://s1.dia.es/medias/hed/h56/8958631411742.png"},{"title":"BONTE crema facial para bebés tubo 100 ml","price":"2,99 €","pricePerUnit":"(29,90 €/l.)","imgUrl":"https://s3.dia.es/medias/hda/h63/9158124404766.jpg"},{"title":"CHICCO Natural sensation crema facial tubo 50 ml","price":"8,55 €","pricePerUnit":"(171,00 €/l.)","imgUrl":"https://s3.dia.es/medias/hc6/h3b/9161850486814.jpg"},{"title":"DENENES leche hidratante felices sueños dosificador 400 ml","price":"2,89 €","pricePerUnit":"(7,23 €/l.)","imgUrl":"https://s3.dia.es/medias/h91/h89/9568182829086.jpg"},{"title":"DENENES Protech leche hidratante dosificador 400 ml","price":"3,89 €","pricePerUnit":"(9,73 €/l.)","imgUrl":"https://s1.dia.es/medias/h64/h4d/9568165068830.jpg"},{"title":"EAU MY BB pack gel de baño y champú 200 ml + locion hidratante 200 ml + colonia spray 60ml","price":"14,99 €","pricePerUnit":"(14,99 €/ud.)","imgUrl":"https://s1.dia.es/medias/h91/h61/9399337517086.jpg"},{"title":"JOHNSON crema protectora de pañal tubo 100 ml","price":"3,89 €","pricePerUnit":"(38,90 €/l.)","imgUrl":"https://s0.dia.es/medias/hb9/hf6/9052495708190.jpg"},{"title":"NENUCO aceite corporal fragancia original botella 400 ml","price":"2,99 €","pricePerUnit":"(7,48 €/l.)","imgUrl":"https://s3.dia.es/medias/h9d/h10/9639085965342.jpg"},{"title":"NENUCO leche hidratante fragancia original botella 400 ml","price":"3,49 €","pricePerUnit":"(8,73 €/l.)","imgUrl":"https://s1.dia.es/medias/hbd/h99/9639086948382.jpg"}]},"champu":{"categoryUrl":"/compra-online/productos/bebe/higiene/champu/c/WEB.009.074.00512","products":[{"title":"BABYSMILE champú infantil clásico bote 750 ml","price":"1,85 €","pricePerUnit":"(2,47 €/l.)","imgUrl":"https://s3.dia.es/medias/h5d/h4f/9158125060126.jpg"},{"title":"CHICCO Natural sensation champú dosificador 300 ml","price":"7,95 €","pricePerUnit":"(26,50 €/l.)","imgUrl":"https://s2.dia.es/medias/h29/h84/9129775890462.jpg"},{"title":"CHICCO Natural sensation champú dosificador 500 ml","price":"8,95 €","pricePerUnit":"(17,90 €/l.)","imgUrl":"https://s1.dia.es/medias/h1b/h92/9043259883550.jpg"},{"title":"DENENES gel y champú 2 en 1 felices sueños bote 500 ml","price":"2,89 €","pricePerUnit":"(5,78 €/l.)","imgUrl":"https://s1.dia.es/medias/h73/hed/9135260958750.jpg"},{"title":"DENENES Protech gel champú doble acción bote 600 ml","price":"3,89 €","pricePerUnit":"(6,48 €/l.)","imgUrl":"https://s1.dia.es/medias/h14/hcc/9568181846046.jpg"},{"title":"GENIOL champú con frescor de colonia para niños bote 750 ml","price":"2,75 €","pricePerUnit":"(3,67 €/l.)","imgUrl":"https://s1.dia.es/medias/h24/hfd/9096293482526.jpg"},{"title":"NENUCO champú extra suave con miel y camonila botella 500 ml","price":"3,49 €","pricePerUnit":"(6,98 €/l.)","imgUrl":"https://s2.dia.es/medias/h54/h4e/9639423574046.jpg"},{"title":"ORION Respect crema desprende liendres sin insecticidas 100 ml","price":"5,69 €","pricePerUnit":"(56,90 €/l.)","imgUrl":"https://s3.dia.es/medias/hae/h1e/9388690571294.jpg"},{"title":"PANTENE Pro-v hidrocrema sin aclarado cabello normal dosificador 145 ml","price":"3,29 €","pricePerUnit":"(22,69 €/l.)","imgUrl":"https://s3.dia.es/medias/hc2/h91/9080231723038.jpg"}]},"gel-y-jabon":{"categoryUrl":"/compra-online/productos/bebe/higiene/gel-y-jabon/c/WEB.009.074.00513","products":[{"title":"BABYSMILE gel y champú 2 en 1 suave dosificador 750 ml","price":"3,99 €","pricePerUnit":"(5,32 €/l.)","imgUrl":"https://s3.dia.es/medias/he2/hc5/9248228999198.jpg"},{"title":"BABYSMILE jabon liquido infantil lavanda botella 750ml","price":"1,89 €","pricePerUnit":"(2,52 €/l.)","imgUrl":"https://s0.dia.es/medias/hc3/h4e/9158099894302.jpg"},{"title":"CHICCO Natural sensation gel de baño oso bote 300 ml","price":"10,50 €","pricePerUnit":"(35,00 €/l.)","imgUrl":"https://s1.dia.es/medias/h8a/h7d/9043218858014.jpg"},{"title":"CHICCO Natural sensation pack gel champú + crema corporal + agua perfumada","price":"17,95 €","pricePerUnit":"(17,95 €/ud.)","imgUrl":"https://s2.dia.es/medias/hba/hea/9043231440926.jpg"},{"title":"DENENES jabón líquido muy suave botella 650 ml","price":"2,99 €","pricePerUnit":"(4,60 €/l.)","imgUrl":"https://s2.dia.es/medias/h9f/h7b/9118270717982.jpg"},{"title":"NENUCO jabón liquido bebe aloe botella 750 ml","price":"3,49 €","pricePerUnit":"(4,65 €/l.)","imgUrl":"https://s3.dia.es/medias/he8/h1e/9639161069598.jpg"},{"title":"NENUCO jabón líquido fragancia original botella 750 ml","price":"3,79 €","pricePerUnit":"(5,83 €/l.)","imgUrl":"https://s2.dia.es/medias/h7d/h99/9639095861278.jpg"}]},"toallitas":{"categoryUrl":"/compra-online/productos/bebe/higiene/toallitas/c/WEB.009.074.00514","products":[{"title":"BABYSMILE toallitas bebé emulsión leche paquete 2 envase 72 ud","price":"3,49 €","pricePerUnit":"(3,49 €/ud.)","imgUrl":"https://s1.dia.es/medias/ha5/hf3/8959551176734.png"},{"title":"BABYSMILE toallitas con crema hidratante para bebés envase 72 uds","price":"1,39 €","pricePerUnit":"(1,39 €/ud.)","imgUrl":"https://s3.dia.es/medias/h4c/hdc/9497415319582.jpg"},{"title":"BABYSMILE toallitas para bebés envase 80 uds","price":"1,00 €","pricePerUnit":"(1,00 €/ud.)","imgUrl":"https://s1.dia.es/medias/hbc/h29/9475135668254.jpg"},{"title":"BABYSMILE toallitas para bebés pack 3x80 uds","price":"2,95 €","pricePerUnit":"(2,95 €/ud.)","imgUrl":"https://s2.dia.es/medias/h34/hec/9458561056798.jpg"},{"title":"BONTE toallitas para bebés con tendencia atópica envase 64 uds","price":"1,79 €","pricePerUnit":"(1,79 €/ud.)","imgUrl":"https://s0.dia.es/medias/h69/hbb/9583760441374.jpg"},{"title":"DIA toallitas húmedas para bebés envase 24 uds","price":"0,65 €","pricePerUnit":"(0,65 €/ud.)","imgUrl":"https://s1.dia.es/medias/hc6/h06/9394938806302.jpg"},{"title":"DODOT ACTIVITY toallitas bebé envase 216 ud","price":"8,29 €","pricePerUnit":"(8,29 €/ud.)","imgUrl":"https://s3.dia.es/medias/h2b/hea/9622828810270.jpg"},{"title":"DODOT Activity toallitas para bebés pack 108 uds","price":"4,59 €","pricePerUnit":"(4,59 €/ud.)","imgUrl":"https://s0.dia.es/medias/h4c/h2b/9622895001630.jpg"},{"title":"DODOT Sensitive toallitas para bebés caja 54 uds","price":"4,39 €","pricePerUnit":"(0,08 €/ud.)","imgUrl":"https://s1.dia.es/medias/h3d/h2c/9549237026846.jpg"},{"title":"DODOT Sensitive toallitas para bebés pack 216 uds","price":"7,99 €","pricePerUnit":"(7,99 €/ud.)","imgUrl":"https://s0.dia.es/medias/h59/h76/9549165133854.jpg"},{"title":"DODOT toallitas para bebés envase 64 uds","price":"1,52 €","pricePerUnit":"(1,52 €/ud.)","imgUrl":"https://s3.dia.es/medias/h13/hb1/9622841917470.jpg"},{"title":"HUGGIES Natural care toallitas para bebés pack 168 uds","price":"4,99 €","pricePerUnit":"(4,99 €/ud.)","imgUrl":"https://s1.dia.es/medias/h32/h52/9111149281310.jpg"},{"title":"JOHNSON'S toallitas para bebés envase 20 uds","price":"1,00 €","pricePerUnit":"(0,05 €/ud.)","imgUrl":"https://s3.dia.es/medias/h7e/h09/8959639093278.png"},{"title":"KANDOO recambio toallitas wc aroma frutas del bosque pack 120 uds","price":"5,55 €","pricePerUnit":"(5,55 €/ud.)","imgUrl":"https://s0.dia.es/medias/h39/hdc/8886823092254.jpg"},{"title":"KANDOO recambio toallitas wc aroma melón pack 120 uds","price":"5,76 €","pricePerUnit":"(5,76 €/ud.)","imgUrl":"https://s3.dia.es/medias/h58/h96/9047576805406.jpg"},{"title":"KANDOO recambio toallitas wc aroma melón pack 240 uds","price":"8,99 €","pricePerUnit":"(8,99 €/ud.)","imgUrl":"https://s3.dia.es/medias/hc6/h09/8855009558558.png"},{"title":"KANDOO toallitas wc sensitive envase 100 uds","price":"5,39 €","pricePerUnit":"(0,05 €/ud.)","imgUrl":"https://s0.dia.es/medias/hc5/hb0/8985366822942.jpg"},{"title":"MOLTEX toallitas para bebés envase 64 uds","price":"0,99 €","pricePerUnit":"(0,99 €/ud.)","imgUrl":"https://s1.dia.es/medias/h8d/h59/8904533573662.jpg"},{"title":"NENUCO Dermo sensitive toallitas para bebés envase 108 uds","price":"3,55 €","pricePerUnit":"(3,55 €/ud.)","imgUrl":"https://s2.dia.es/medias/ha1/h5a/9638129336350.jpg"},{"title":"NENUCO Dermo sensitive toallitas para bebés piel sensible pack 216 uds","price":"7,99 €","pricePerUnit":"(7,99 €/ud.)","imgUrl":"https://s2.dia.es/medias/h4c/haf/9639377436702.jpg"}]},"puericultura":{"categoryUrl":"/compra-online/productos/bebe/higiene/puericultura/c/WEB.009.074.00680","products":[{"title":"BABYSMILE esponja natural bebe bolsa 1 unidad","price":"2,86 €","pricePerUnit":"(2,86 €/ud.)","imgUrl":"https://s3.dia.es/medias/h33/h30/8958723162142.png"},{"title":"BABYSMILE protector/cambiador de bebé paquete 15 uds","price":"6,99 €","pricePerUnit":"(0,47 €/ud.)","imgUrl":"https://s2.dia.es/medias/h79/hbe/8945626546206.png"},{"title":"BABYSMILE suero fisiologico dosis indivuales 40 unidades","price":"3,99 €","pricePerUnit":"(0,10 €/ud.)","imgUrl":"https://s1.dia.es/medias/h75/h78/8961345191966.jpg"},{"title":"BEL Baby protector cambiador bolsa 10 uds","price":"3,89 €","pricePerUnit":"(0,39 €/ud.)","imgUrl":"https://s0.dia.es/medias/h21/h8b/8858500464670.png"},{"title":"FROSCH Baby líquido limpia biberones y tetinas bote 100 ml","price":"2,75 €","pricePerUnit":"(5,50 €/l.)","imgUrl":"https://s0.dia.es/medias/h5b/hd4/9663358107678.jpg"},{"title":"IMAZINE termometro digital infantil caja 1 ud","price":"7,39 €","pricePerUnit":"(7,39 €/ud.)","imgUrl":"https://s3.dia.es/medias/h3b/hac/9092282908702.jpg"},{"title":"JOHNSON´S bastoncillos suaves y delicados bote 100 uds","price":"2,39 €","pricePerUnit":"(2,39 €/ud.)","imgUrl":"https://s0.dia.es/medias/h07/h93/8904184856606.jpg"},{"title":"KIN Baby nasal aspirador nasal caja 1 ud","price":"10,25 €","pricePerUnit":"(10,25 €/ud.)","imgUrl":"https://s1.dia.es/medias/hed/h64/9022662967326.jpg"},{"title":"NENUCO mochila rosa 1 ud","price":"11,99 €","pricePerUnit":"(11,99 €/ud.)","imgUrl":"https://s1.dia.es/medias/hc6/h95/9639150256158.jpg"},{"title":"TALKINTER talco líquido infantil bote 200 ml","price":"10,95 €","pricePerUnit":"(54,75 €/l.)","imgUrl":"https://s0.dia.es/medias/h54/h7b/9104407068702.jpg"},{"title":"TIGEX chupete silicona 6-18 meses envase 2 uds (diferentes colores)","price":"3,99 €","pricePerUnit":"(2,00 €/ud.)","imgUrl":"https://s1.dia.es/medias/he0/h29/9022743937054.jpg"},{"title":"TIGEX escobilla limpia biberones 2 en 1 envase 1 ud","price":"3,85 €","pricePerUnit":"(3,85 €/ud.)","imgUrl":"https://s2.dia.es/medias/h8a/h4f/9539663200286.jpg"},{"title":"TIGEX esponja especial de baño para bebé bolsa 1 ud","price":"3,89 €","pricePerUnit":"(3,89 €/ud.)","imgUrl":"https://s3.dia.es/medias/h72/hcf/8856386011166.png"}]}},"panales":{"name":"Pañales","productTypes":["pequenos-hasta-6-kg","medianos-410-kg","grandes-915-kg","junior-13-kg","de-noche-y-aprendizaje","banadores"],"pequenos-hasta-6-kg":{"categoryUrl":"/compra-online/productos/bebe/panales/pequenos-hasta-6-kg/c/WEB.009.075.00515","products":[{"title":"DODOT Azul pañales 3-6 kg talla 2 paquete 78 uds","price":"15,99 €","pricePerUnit":"(0,21 €/ud.)","imgUrl":"https://s2.dia.es/medias/hdc/h8f/9478849134622.jpg"},{"title":"DODOT Sensitive pañales recién nacido 2-5 kg talla 1 paquete 28 uds","price":"6,49 €","pricePerUnit":"(0,23 €/ud.)","imgUrl":"https://s1.dia.es/medias/h6d/hdc/9391020965918.jpg"},{"title":"DODOT Sensitive pañales recién nacido 4-8 kg talla 2 paquete 92 uds","price":"22,95 €","pricePerUnit":"(0,25 €/ud.)","imgUrl":"https://s1.dia.es/medias/h08/h77/9179070431262.jpg"}]},"medianos-410-kg":{"categoryUrl":"/compra-online/productos/bebe/panales/medianos-410-kg/c/WEB.009.075.00516","products":[{"title":"BABYSMILE pañales 4- 9 kgs talla 3 paquete 72 uds","price":"9,99 €","pricePerUnit":"(0,14 €/ud.)","imgUrl":"https://s1.dia.es/medias/h93/ha9/9667545923614.jpg"},{"title":"BABYSMILE pañales 4-9 kgs talla 3 paquete 112 uds","price":"13,75 €","pricePerUnit":"(0,12 €/ud.)","imgUrl":"https://s0.dia.es/medias/hc6/h97/8856520884254.png"},{"title":"DODOT Activity extra pañales 7-11 kgs talla 3 paquete 60 uds","price":"22,49 €","pricePerUnit":"(0,37 €/ud.)","imgUrl":"https://s0.dia.es/medias/h0d/h00/9506613821470.jpg"},{"title":"DODOT Azul pañales 6-10 kgs talla 3 paquete 96 uds","price":"20,49 €","pricePerUnit":"(0,21 €/ud.)","imgUrl":"https://s3.dia.es/medias/ha8/h2c/9369595346974.jpg"},{"title":"MOLTEX Premium pañales 4-10 kgs talla 3 paquete 60 uds","price":"12,35 €","pricePerUnit":"(0,21 €/ud.)","imgUrl":"https://s0.dia.es/medias/h7a/h56/9029280202782.jpg"}]},"grandes-915-kg":{"categoryUrl":"/compra-online/productos/bebe/panales/grandes-915-kg/c/WEB.009.075.00517","products":[{"title":"BABYSMILE pañales 8-15 kgs talla 4 paquete 100 uds","price":"13,75 €","pricePerUnit":"(0,14 €/ud.)","imgUrl":"https://s1.dia.es/medias/h76/hb4/8856563875870.png"},{"title":"BABYSMILE pañales 8-15 kgs talla 4 paquete 64 uds","price":"9,70 €","pricePerUnit":"(0,15 €/ud.)","imgUrl":"https://s2.dia.es/medias/h7c/h7c/9583757492254.jpg"},{"title":"DODOT Activity extra pañales 10-15 kgs talla 4 paquete 52 uds","price":"22,49 €","pricePerUnit":"(0,43 €/ud.)","imgUrl":"https://s0.dia.es/medias/h0e/h99/9506616836126.jpg"},{"title":"DODOT Azul pañales 9-14 kgs talla 4 paquete 88 uds","price":"20,49 €","pricePerUnit":"(0,23 €/ud.)","imgUrl":"https://s2.dia.es/medias/hfa/h96/9382224298014.jpg"}]},"junior-13-kg":{"categoryUrl":"/compra-online/productos/bebe/panales/junior-13-kg/c/WEB.009.075.00518","products":[{"title":"BABYSMILE pañales 13-20 kgs talla 5 paquete 5 uds","price":"1,00 €","pricePerUnit":"(0,20 €/ud.)","imgUrl":"https://s2.dia.es/medias/hf3/heb/9667537240094.jpg"},{"title":"BABYSMILE pañales 13-20 kgs talla 5 paquete 56 uds","price":"9,70 €","pricePerUnit":"(0,17 €/ud.)","imgUrl":"https://s3.dia.es/medias/h8a/hc5/9667546251294.jpg"},{"title":"BABYSMILE pañales 13-20 kgs talla 5 paquete 88 uds","price":"13,75 €","pricePerUnit":"(0,16 €/ud.)","imgUrl":"https://s1.dia.es/medias/hbd/h56/9667558178846.jpg"},{"title":"BABYSMILE pañales 17-28 kgs talla 6 paquete 50 uds","price":"13,95 €","pricePerUnit":"(0,28 €/ud.)","imgUrl":"https://s0.dia.es/medias/he2/h78/9667565420574.jpg"},{"title":"DODOT Activity extra pañales 12-17 kgs talla 5 paquete 48 uds","price":"22,49 €","pricePerUnit":"(0,47 €/ud.)","imgUrl":"https://s0.dia.es/medias/h55/h0d/9506610216990.jpg"},{"title":"DODOT Azul pañales 11-17 kgs talla 5 paquete 80 uds","price":"20,49 €","pricePerUnit":"(0,26 €/ud.)","imgUrl":"https://s0.dia.es/medias/hb5/hf5/9275997093918.jpg"},{"title":"MOLTEX Bio baby pañales 12-16 kgs talla 5 XG paquete 31 uds","price":"11,99 €","pricePerUnit":"(0,39 €/ud.)","imgUrl":"https://s1.dia.es/medias/h91/hf4/9604690706462.jpg"}]},"de-noche-y-aprendizaje":{"categoryUrl":"/compra-online/productos/bebe/panales/de-noche-y-aprendizaje/c/WEB.009.075.00519","products":[{"title":"BABYSMILE braguita pañal unisex 13-20 kgs talla 5 paquete 20 uds","price":"6,46 €","pricePerUnit":"(0,32 €/ud.)","imgUrl":"https://s2.dia.es/medias/h9d/h9b/8855770791966.png"},{"title":"BABYSMILE braguita pañal unisex 15-25 kgs talla 6 paquete 18 uds","price":"7,43 €","pricePerUnit":"(0,41 €/ud.)","imgUrl":"https://s2.dia.es/medias/h28/h93/8855824269342.png"},{"title":"DRYNITES braguitas para niñas absorbentes de 4 a 7 años paquete 10 uds","price":"9,99 €","pricePerUnit":"(1,00 €/ud.)","imgUrl":"https://s1.dia.es/medias/h68/h3b/8886186016798.jpg"},{"title":"DRYNITES braguitas para niñas absorbentes de 4 a 7 años paquete 16 uds","price":"13,49 €","pricePerUnit":"(0,84 €/ud.)","imgUrl":"https://s2.dia.es/medias/hbe/h1b/9613790314526.jpg"},{"title":"DRYNITES braguitas para niñas absorbentes de 8 a 15 años paquete 13 uds","price":"13,49 €","pricePerUnit":"(1,04 €/ud.)","imgUrl":"https://s2.dia.es/medias/h5c/he9/9613820264478.jpg"},{"title":"DRYNITES braguitas para niñas absorbentes de 8 a 15 años paquete 9 uds","price":"9,99 €","pricePerUnit":"(1,11 €/ud.)","imgUrl":"https://s2.dia.es/medias/h55/h2b/8886191783966.jpg"},{"title":"DRYNITES calzoncillos para niños absorbentes de 4 a 7 años paquete 10 uds","price":"9,99 €","pricePerUnit":"(1,00 €/ud.)","imgUrl":"https://s1.dia.es/medias/hb1/h4c/8886182346782.jpg"},{"title":"DRYNITES calzoncillos para niños absorbentes de 4 a 7 años paquete 16 uds","price":"13,49 €","pricePerUnit":"(0,84 €/ud.)","imgUrl":"https://s1.dia.es/medias/ha4/h19/9525617000478.jpg"},{"title":"DRYNITES calzoncillos para niños absorbentes de 8 a 15 años paquete 13 uds","price":"13,49 €","pricePerUnit":"(1,04 €/ud.)","imgUrl":"https://s0.dia.es/medias/h73/haa/9613789659166.jpg"},{"title":"DRYNITES calzoncillos para niños absorbentes de 8 a 15 años paquete 9 uds","price":"9,99 €","pricePerUnit":"(1,11 €/ud.)","imgUrl":"https://s0.dia.es/medias/h71/had/8886185492510.jpg"}]},"banadores":{"categoryUrl":"/compra-online/productos/bebe/panales/banadores/c/WEB.009.075.00520","products":[{"title":"HUGGIES Little swimmers pañal de agua 12-18 kgs paquete 19 uds","price":"9,18 €","pricePerUnit":"(0,48 €/ud.)","imgUrl":"https://s2.dia.es/medias/h43/h56/9118478172190.jpg"},{"title":"HUGGIES Little swimmers pañal de agua 7-15 kgs paquete 20 uds","price":"8,75 €","pricePerUnit":"(0,44 €/ud.)","imgUrl":"https://s3.dia.es/medias/h3f/h84/9122740404254.jpg"}]}}},"perfumeria-e-higiene":{"name":"Perfumeríaehigiene","subCategoriesName":["afeitado","botiquin","colonias","cosmetica","cuidado-del-cabello","cuidado-corporal","cuidado-facial","limpieza-facial","cuidado-manos","cuidado-pies","depilacion","desodorante","gel-de-bano","higiene-bucal","higiene-intima","higiene-sexual"],"afeitado":{"name":"Afeitado","productTypes":["maquinillas-y-hojas-de-afeitar","maquinillas-desechables","espuma-gel-y-crema-afeitar","despues-afeitado"],"maquinillas-y-hojas-de-afeitar":{"categoryUrl":"/compra-online/productos/perfumeria-e-higiene/afeitado/maquinillas-y-hojas-de-afeitar/c/WEB.010.076.00524","products":[{"title":"BONTE maquinilla de afeitar recargable 5 hojas hombre envase 1 ud","price":"3,41 €","pricePerUnit":"(3,41 €/ud.)","imgUrl":"https://s2.dia.es/medias/hd6/h62/9148277424158.jpg"},{"title":"BONTE recambio maquinilla de afeitar 5 hojas hombre 4 uds","price":"5,75 €","pricePerUnit":"(1,44 €/ud.)","imgUrl":"https://s2.dia.es/medias/hbc/ha7/8860184248350.png"},{"title":"GILLETTE Body maquinilla de afeitar recambio blíster 2 uds","price":"5,99 €","pricePerUnit":"(3,00 €/ud.)","imgUrl":"https://s1.dia.es/medias/h5a/hfd/8958606245918.png"},{"title":"GILLETTE Fusion maquinilla de afeitar blíster 1 ud","price":"6,49 €","pricePerUnit":"(6,49 €/ud.)","imgUrl":"https://s1.dia.es/medias/hfb/h98/8962644312094.jpg"},{"title":"GILLETTE Fusion proglide maquinilla de afeitar blíster 8 uds","price":"31,69 €","pricePerUnit":"(3,96 €/ud.)","imgUrl":"https://s2.dia.es/medias/h59/h02/8963330342942.jpg"},{"title":"GILLETTE Fusion proglide power maquinilla de afeitar flexball blíster 1 ud","price":"16,55 €","pricePerUnit":"(16,55 €/ud.)","imgUrl":"https://s1.dia.es/medias/h08/he1/8946486247454.png"},{"title":"GILLETTE Fusion proglide power recambio blíster 4 uds","price":"18,99 €","pricePerUnit":"(4,75 €/ud.)","imgUrl":"https://s3.dia.es/medias/h06/h1a/8963289055262.jpg"},{"title":"GILLETTE Fusion proshield maquinilla de afeitar blíster 1 ud","price":"9,95 €","pricePerUnit":"(9,95 €/ud.)","imgUrl":"https://s0.dia.es/medias/hdd/hfc/9082005061662.jpg"},{"title":"GILLETTE Fusion proshield maquinilla de afeitar recambio blíster 3 uds","price":"14,95 €","pricePerUnit":"(4,98 €/ud.)","imgUrl":"https://s1.dia.es/medias/hd7/ha5/9081993494558.jpg"},{"title":"GILLETTE Fusion5 maquinilla de afeitar recambio blíster 4 uds","price":"13,99 €","pricePerUnit":"(3,50 €/ud.)","imgUrl":"https://s2.dia.es/medias/h70/h7d/9592257708062.jpg"},{"title":"GILLETTE Mach3 maquinilla de afeitar blíster 1 ud","price":"6,99 €","pricePerUnit":"(6,99 €/ud.)","imgUrl":"https://s3.dia.es/medias/h1d/h5b/8896306216990.png"},{"title":"GILLETTE Mach3 maquinilla de afeitar recambio blíster 4 uds","price":"11,49 €","pricePerUnit":"(2,87 €/ud.)","imgUrl":"https://s1.dia.es/medias/hf2/ha6/9361224302622.jpg"},{"title":"GILLETTE pack fusion proglide styler 1 ud","price":"17,49 €","pricePerUnit":"(17,49 €/ud.)","imgUrl":"https://s3.dia.es/medias/h58/h6a/9096204189726.jpg"},{"title":"GILLETTE Sensor excel maquinilla de afeitar recambio blíster 5 uds","price":"8,77 €","pricePerUnit":"(1,75 €/ud.)","imgUrl":"https://s2.dia.es/medias/h8b/h4f/8962662989854.jpg"},{"title":"GILLETTE Venus snap maquinilla de afeitar formato viaje blíster 1 ud","price":"7,99 €","pricePerUnit":"(7,99 €/ud.)","imgUrl":"https://s0.dia.es/medias/h83/h43/9108914634782.jpg"},{"title":"GILLETTE Venus snap maquinilla de afeitar recambio blíster 2 uds","price":"7,99 €","pricePerUnit":"(4,00 €/ud.)","imgUrl":"https://s0.dia.es/medias/h00/h6b/9110061056030.jpg"},{"title":"WILKINSON Hydro 5 sensitive maquinilla de afeitar blíster 1 ud","price":"4,99 €","pricePerUnit":"(4,99 €/ud.)","imgUrl":"https://s3.dia.es/medias/h7f/ha8/8899451322398.png"},{"title":"WILKINSON Hydro 5 sensitive maquinilla de afeitar recambio blíster 4 uds","price":"11,95 €","pricePerUnit":"(2,99 €/ud.)","imgUrl":"https://s2.dia.es/medias/h67/h06/8876451889182.png"},{"title":"WILKINSON Sword hojas de afeitar classic blíster 5 uds","price":"2,79 €","pricePerUnit":"(2,79 €/ud.)","imgUrl":"https://s1.dia.es/medias/h31/hd2/8963438641182.jpg"},{"title":"WILKINSON Sword quattro titanium sensitive maquinilla de afeitar recambio 4 uds","price":"8,50 €","pricePerUnit":"(8,50 €/ud.)","imgUrl":"https://s0.dia.es/medias/h88/he6/9136147365918.jpg"},{"title":"WILKINSON Sword recambio intuition sensitive care blíster 4 uds","price":"11,99 €","pricePerUnit":"(3,00 €/ud.)","imgUrl":"https://s1.dia.es/medias/ha2/h23/9161810903070.jpg"}]},"maquinillas-desechables":{"categoryUrl":"/compra-online/productos/perfumeria-e-higiene/afeitado/maquinillas-desechables/c/WEB.010.076.00525","products":[{"title":"BIC Flex3 maquinilla desechable 3 hojas blíster 4 + 2 uds","price":"4,49 €","pricePerUnit":"(0,75 €/ud.)","imgUrl":"https://s3.dia.es/medias/hdc/h60/9104408969246.jpg"},{"title":"BIC Flex4 comfort maquinilla desechable 4 hojas blíster 3 + 1 uds","price":"5,85 €","pricePerUnit":"(1,46 €/ud.)","imgUrl":"https://s1.dia.es/medias/hda/h31/9104389898270.jpg"},{"title":"BONTE maquinilla de afeitar desechable 2 hojas bolsa 20 uds","price":"1,95 €","pricePerUnit":"(0,10 €/ud.)","imgUrl":"https://s0.dia.es/medias/h3e/h19/9145928613918.jpg"},{"title":"BONTE maquinilla de afeitar desechable 3 hojas bolsa 6 uds","price":"2,75 €","pricePerUnit":"(0,46 €/ud.)","imgUrl":"https://s1.dia.es/medias/h80/ha3/9148261171230.jpg"},{"title":"BONTE maquinilla desechable 2 hojas cabezal basculante bolsa 10 uds","price":"2,22 €","pricePerUnit":"(0,22 €/ud.)","imgUrl":"https://s0.dia.es/medias/hee/hc5/9125431935006.jpg"},{"title":"GILLETTE Blue 3 maquinilla desechable 3 hojas bolsa 4 + 1 gratis","price":"4,60 €","pricePerUnit":"(0,92 €/ud.)","imgUrl":"https://s1.dia.es/medias/hc5/hbf/8855056810014.png"},{"title":"GILLETTE Blue II maquinilla  de afeitar desechable 2 hojas bolsa 5+1 gratis","price":"3,48 €","pricePerUnit":"(0,58 €/ud.)","imgUrl":"https://s1.dia.es/medias/h89/h15/9597043703838.jpg"},{"title":"GILLETTE Blue II maquinilla de afeitar desechable blíster 5 + 1 ud","price":"2,99 €","pricePerUnit":"(0,50 €/ud.)","imgUrl":"https://s1.dia.es/medias/hf9/h35/8855875649566.png"},{"title":"GILLETTE Blue II maquinilla desechable 2 hojas bolsa 15 unidades + 5 gratis","price":"8,13 €","pricePerUnit":"(0,41 €/ud.)","imgUrl":"https://s2.dia.es/medias/h61/hd9/9597064675358.jpg"},{"title":"GILLETTE Sensor3 maquinilla de afeitar desechable blíster 8 uds","price":"11,69 €","pricePerUnit":"(1,46 €/ud.)","imgUrl":"https://s1.dia.es/medias/hef/h00/9081991856158.jpg"},{"title":"GILLETTE Sensor3 maquinilla desechable piel sensible blíster 4 uds","price":"7,17 €","pricePerUnit":"(1,43 €/ud.)","imgUrl":"https://s0.dia.es/medias/h1a/hdf/8962750283806.jpg"},{"title":"WILKINSON maquinilla desechable extra 2 sensittive paquete 15 ud","price":"5,35 €","pricePerUnit":"(0,27 €/ud.)","imgUrl":"https://s2.dia.es/medias/h5c/h18/8964347625502.jpg"},{"title":"WILKINSON maquinilla desechable extreme 3 sensitive bolsa 6 unidades","price":"5,99 €","pricePerUnit":"(1,00 €/ud.)","imgUrl":"https://s0.dia.es/medias/h0c/hb4/8962742485022.jpg"},{"title":"WILKINSON Sword extra precision2 maquinilla desechable bolsa 5 uds","price":"2,79 €","pricePerUnit":"(0,56 €/ud.)","imgUrl":"https://s1.dia.es/medias/h73/hba/8962709848094.jpg"},{"title":"WILKINSON Sword extreme 3 duo confort maquinilla desechable bolsa 4 uds","price":"4,99 €","pricePerUnit":"(1,25 €/ud.)","imgUrl":"https://s2.dia.es/medias/hd6/hb2/9136154574878.jpg"},{"title":"WILKINSON Sword extreme sensitive 3 maquinilla desechable bolsa 12 uds","price":"10,99 €","pricePerUnit":"(0,92 €/ud.)","imgUrl":"https://s3.dia.es/medias/h59/h0b/9136092184606.jpg"},{"title":"WILKINSON Sword quattro titanium sensitive maquinilla desechable bolsa 4 uds","price":"5,89 €","pricePerUnit":"(1,47 €/ud.)","imgUrl":"https://s3.dia.es/medias/h7a/hea/9136155557918.jpg"}]},"espuma-gel-y-crema-afeitar":{"categoryUrl":"/compra-online/productos/perfumeria-e-higiene/afeitado/espuma-gel-y-crema-afeitar/c/WEB.010.076.00522","products":[{"title":"BONTE crema depilatoria para hombre tubo 200 ml","price":"3,99 €","pricePerUnit":"(19,95 €/l.)","imgUrl":"https://s3.dia.es/medias/h27/h9d/9104446390302.jpg"},{"title":"BONTE espuma de afeitar piel sensible formato viaje spray 75 ml","price":"1,00 €","pricePerUnit":"(10,00 €/l.)","imgUrl":"https://s0.dia.es/medias/h93/h75/9158102253598.jpg"},{"title":"BONTE espuma de afeitar piel sensible spray 250 ml","price":"0,89 €","pricePerUnit":"(3,56 €/l.)","imgUrl":"https://s1.dia.es/medias/h62/h3a/9074718867486.jpg"},{"title":"BONTE gel de afeitar piel sensible formato viaje spray 75 ml","price":"1,50 €","pricePerUnit":"(20,00 €/l.)","imgUrl":"https://s1.dia.es/medias/h8a/hc9/9126983925790.jpg"},{"title":"BONTE gel de afeitar piel sensible spray 250 ml","price":"1,54 €","pricePerUnit":"(6,16 €/l.)","imgUrl":"https://s2.dia.es/medias/he7/h26/9096030355486.jpg"},{"title":"FLOID espuma de afeitar spray 300 ml","price":"3,99 €","pricePerUnit":"(13,30 €/l.)","imgUrl":"https://s1.dia.es/medias/hf9/h9b/8963409084446.jpg"},{"title":"GILLETTE espuma de afeitar clásico spray 200 ml","price":"2,49 €","pricePerUnit":"(12,45 €/l.)","imgUrl":"https://s2.dia.es/medias/hde/h4c/8911026421790.jpg"},{"title":"GILLETTE Fusion proglide gel de afeitar 2 en 1 active sport spray 170 ml","price":"5,99 €","pricePerUnit":"(35,24 €/l.)","imgUrl":"https://s1.dia.es/medias/hbf/hbc/8946412257310.png"},{"title":"GILLETTE Fusion proglide gel de afeitar 2 en 1 ocean breeze spray 170 ml","price":"5,99 €","pricePerUnit":"(35,24 €/l.)","imgUrl":"https://s0.dia.es/medias/h67/hf1/9099681660958.jpg"},{"title":"GILLETTE gel de afeitar clásico piel sensible spray 200 ml","price":"2,99 €","pricePerUnit":"(14,95 €/l.)","imgUrl":"https://s1.dia.es/medias/he6/ha1/9334495576094.jpg"},{"title":"GILLETTE Series gel de afeitar formato viaje spray 75 ml","price":"1,50 €","pricePerUnit":"(20,00 €/l.)","imgUrl":"https://s3.dia.es/medias/h34/h0d/8962775253022.jpg"},{"title":"L'OREAL Men expert espuma de afeitar piel sensible spray 200 ml","price":"3,89 €","pricePerUnit":"(19,45 €/l.)","imgUrl":"https://s1.dia.es/medias/hcb/hf0/9498696220702.jpg"},{"title":"LA TOJA crema de afeitar clásica tubo 150 ml","price":"2,49 €","pricePerUnit":"(16,60 €/l.)","imgUrl":"https://s3.dia.es/medias/h58/h1b/9535790350366.jpg"},{"title":"LA TOJA espuma de afeitar clásica spray 300 ml","price":"2,75 €","pricePerUnit":"(9,17 €/l.)","imgUrl":"https://s2.dia.es/medias/h05/hb8/8856001478686.png"},{"title":"LA TOJA espuma de afeitar neutro care spray 300 ml","price":"2,75 €","pricePerUnit":"(9,17 €/l.)","imgUrl":"https://s2.dia.es/medias/hff/h0f/9115264581662.jpg"},{"title":"LA TOJA espuma de afeitar pieles sensibles spray 250 ml + 50 ml","price":"2,41 €","pricePerUnit":"(8,03 €/l.)","imgUrl":"https://s2.dia.es/medias/h49/hf4/9095926644766.jpg"},{"title":"LA TOJA jabón de afeitar con sales minerales barra 50 ml","price":"1,99 €","pricePerUnit":"(39,80 €/Kg.)","imgUrl":"https://s3.dia.es/medias/he7/h1f/9536192806942.jpg"},{"title":"LA TOJA Protect 7 espuma de afeitar spray 300 ml","price":"2,75 €","pricePerUnit":"(9,17 €/l.)","imgUrl":"https://s3.dia.es/medias/h90/h06/9535699124254.jpg"},{"title":"LEA espuma de afeitar piel sensible formato viaje spray 100 ml","price":"1,50 €","pricePerUnit":"(15,00 €/l.)","imgUrl":"https://s1.dia.es/medias/h33/h2c/8856335679518.png"},{"title":"LEA espuma de afeitar spray 250 ml","price":"2,59 €","pricePerUnit":"(10,36 €/l.)","imgUrl":"https://s2.dia.es/medias/hbe/h1f/8856511447070.png"},{"title":"LEA jabón de afeitar barra 60 gr","price":"1,69 €","pricePerUnit":"(33,80 €/l.)","imgUrl":"https://s0.dia.es/medias/h27/h4b/8856297734174.png"},{"title":"LEA loción hidratante para barba dosificador 75 ml","price":"7,95 €","pricePerUnit":"(106,00 €/l.)","imgUrl":"https://s2.dia.es/medias/h74/h74/9043172458526.jpg"},{"title":"LEA serum para barba caja 50 ml","price":"8,59 €","pricePerUnit":"(171,80 €/l.)","imgUrl":"https://s0.dia.es/medias/hd9/h23/8962637365278.jpg"},{"title":"NIVEA MEN espuma de afeitar extra hidratante spray 200 ml","price":"2,89 €","pricePerUnit":"(14,45 €/l.)","imgUrl":"https://s0.dia.es/medias/h7c/he5/9095984578590.jpg"},{"title":"NIVEA Men espuma de afeitar sensitive spray 200 ml","price":"2,89 €","pricePerUnit":"(14,45 €/l.)","imgUrl":"https://s1.dia.es/medias/h03/h4e/8856402853918.png"},{"title":"NIVEA MEN gel de afeitar piel sensible spray 200 ml","price":"3,75 €","pricePerUnit":"(18,75 €/l.)","imgUrl":"https://s0.dia.es/medias/hdd/h1e/9095987200030.jpg"},{"title":"NIVEA Men gel de afeitar revitalizante spray 200 ml","price":"4,15 €","pricePerUnit":"(20,75 €/l.)","imgUrl":"https://s3.dia.es/medias/hc2/h1c/9135258337310.jpg"},{"title":"NIVEA Men gel de afeitar sensitive formato viaje spray 30 ml","price":"1,50 €","pricePerUnit":"(50,00 €/l.)","imgUrl":"https://s2.dia.es/medias/hef/h4d/8946540183582.png"},{"title":"NIVEA Men gel de afeitar sensitve cooling spray 200 ml","price":"4,10 €","pricePerUnit":"(20,50 €/l.)","imgUrl":"https://s1.dia.es/medias/h05/h86/9096000438302.jpg"},{"title":"VEET For men depilatorio rápido y eficaz piel normal spray 150 ml","price":"4,99 €","pricePerUnit":"(33,27 €/l.)","imgUrl":"https://s3.dia.es/medias/hde/h73/9639191019550.jpg"},{"title":"WILLIAMS espuma de afeitar piel sensible spray 200 ml","price":"2,75 €","pricePerUnit":"(13,75 €/l.)","imgUrl":"https://s0.dia.es/medias/hf4/h4d/9110036676638.jpg"},{"title":"WILLIAMS Expert crema de afeitar ice fresh tubo 100 ml","price":"2,39 €","pricePerUnit":"(23,90 €/l.)","imgUrl":"https://s0.dia.es/medias/h48/hd8/9125421907998.jpg"},{"title":"WILLIAMS ICE BLUE gel de afeitar spray 200 ml","price":"3,59 €","pricePerUnit":"(17,95 €/l.)","imgUrl":"https://s1.dia.es/medias/h49/hd3/8963413082142.jpg"}]},"despues-afeitado":{"categoryUrl":"/compra-online/productos/perfumeria-e-higiene/afeitado/despues-afeitado/c/WEB.010.076.00521","products":[{"title":"AQUA VELVA after shave loción 200 ml","price":"4,19 €","pricePerUnit":"(20,95 €/l.)","imgUrl":"https://s2.dia.es/medias/hc9/h2e/8963285778462.jpg"},{"title":"BONTE after shave loción frasco 100 ml","price":"2,00 €","pricePerUnit":"(20,00 €/l.)","imgUrl":"https://s1.dia.es/medias/h5e/h33/9007429517342.jpg"},{"title":"BONTE aftershave bálsamo frasco 100ml","price":"2,00 €","pricePerUnit":"(20,00 €/l.)","imgUrl":"https://s3.dia.es/medias/h6e/hf1/9007455928350.jpg"},{"title":"BRUMMEL after shave loción 125 ml","price":"5,79 €","pricePerUnit":"(46,32 €/l.)","imgUrl":"https://s1.dia.es/medias/haa/h81/8963268083742.jpg"},{"title":"BRUMMEL loción after shave frasco 250 ml","price":"8,55 €","pricePerUnit":"(34,20 €/l.)","imgUrl":"https://s2.dia.es/medias/h02/hc4/9318980845598.jpg"},{"title":"FLOID aceite de afeitado ultralubricante bote 50 ml","price":"6,29 €","pricePerUnit":"(125,80 €/l.)","imgUrl":"https://s0.dia.es/medias/h3a/h72/8963442245662.jpg"},{"title":"FLOID after shave masaje genuino mentolado vigoroso frasco 150 ml","price":"5,85 €","pricePerUnit":"(39,00 €/l.)","imgUrl":"https://s0.dia.es/medias/hf3/hb8/8966178603038.jpg"},{"title":"FLOID after shave masaje genuino suave frasco 150 ml","price":"5,85 €","pricePerUnit":"(39,00 €/l.)","imgUrl":"https://s3.dia.es/medias/h53/hde/9061739266078.jpg"},{"title":"FLOID bálsamo after shave tubo 125 ml","price":"5,35 €","pricePerUnit":"(42,80 €/l.)","imgUrl":"https://s1.dia.es/medias/h39/hce/8963446505502.jpg"},{"title":"FLOID loción after shave fragancia moderna frasco 150 ml","price":"5,85 €","pricePerUnit":"(39,00 €/l.)","imgUrl":"https://s3.dia.es/medias/hc2/h09/8966203703326.jpg"},{"title":"GILLETTE bálsamo after shave piel sensible bote 75 ml","price":"3,99 €","pricePerUnit":"(53,20 €/l.)","imgUrl":"https://s1.dia.es/medias/hfc/he7/8963428483102.jpg"},{"title":"LA TOJA bálsamo after shave clásico frasco 100 ml","price":"4,99 €","pricePerUnit":"(49,90 €/l.)","imgUrl":"https://s3.dia.es/medias/h92/he3/9536123207710.jpg"},{"title":"LA TOJA bálsamo after shave extra sensible frasco 100 ml","price":"4,99 €","pricePerUnit":"(49,90 €/l.)","imgUrl":"https://s0.dia.es/medias/h93/h57/9535706005534.jpg"},{"title":"LA TOJA bálsamo after shave neutro care frasco 100 ml","price":"4,89 €","pricePerUnit":"(48,90 €/l.)","imgUrl":"https://s0.dia.es/medias/h4f/h5c/9120334807070.jpg"},{"title":"MASSIMO DUTTI after shave frescor elegante frasco 100 ml","price":"8,99 €","pricePerUnit":"(89,90 €/l.)","imgUrl":"https://s2.dia.es/medias/h5b/hcc/9048645337118.jpg"},{"title":"NIVEA Men Active age bálsamo 2en1 after shave + hidratante antiedad 75 ml","price":"7,40 €","pricePerUnit":"(98,67 €/l.)","imgUrl":"https://s2.dia.es/medias/hf9/hb8/8919054909470.png"},{"title":"NIVEA Men active energy bálsamo after shave revitalizante caja 100 ml","price":"6,15 €","pricePerUnit":"(61,50 €/l.)","imgUrl":"https://s3.dia.es/medias/h17/hc9/8849867898910.png"},{"title":"NIVEA Men bálsamo after shave hidratante protege & cuida frasco 100 ml","price":"5,25 €","pricePerUnit":"(52,50 €/l.)","imgUrl":"https://s0.dia.es/medias/hd7/h59/9240068587550.jpg"},{"title":"NIVEA Men sensitive bálsamo after shave 100 ml","price":"4,99 €","pricePerUnit":"(49,90 €/l.)","imgUrl":"https://s0.dia.es/medias/ha1/ha9/8855027384350.png"},{"title":"NIVEA Men sensitive loción after shave cool 100 ml","price":"5,89 €","pricePerUnit":"(58,90 €/l.)","imgUrl":"https://s3.dia.es/medias/hba/h53/8946439061534.png"},{"title":"WILLIAMS Expert loción after shave aqua velva frasco 400 ml","price":"8,25 €","pricePerUnit":"(20,63 €/l.)","imgUrl":"https://s1.dia.es/medias/h6a/hc5/8858476871710.png"}]}},"botiquin":{"name":"Botiquín","productTypes":["alcohol-agua-oxigenada-y-otros","algodon-bastoncillos","tiritas-protectoras","bicarbonato","optica"],"alcohol-agua-oxigenada-y-otros":{"categoryUrl":"/compra-online/productos/perfumeria-e-higiene/botiquin/alcohol-agua-oxigenada-y-otros/c/WEB.010.077.00526","products":[{"title":"ARNIDOL gel stick infantil 15 ml","price":"7,75 €","pricePerUnit":"(516,67 €/l.)","imgUrl":"https://s0.dia.es/medias/hbd/hc5/9130881712158.jpg"},{"title":"AUTAN gel refrescante no+pick alivio rápido después de las picaduras 25 ml","price":"5,39 €","pricePerUnit":"(5,39 €/ud.)","imgUrl":"https://s0.dia.es/medias/h52/h82/9096247279646.jpg"},{"title":"AUTAN repelente en gel cuidado familiar botella 100 ml","price":"6,79 €","pricePerUnit":"(67,90 €/l.)","imgUrl":"https://s0.dia.es/medias/h49/h6b/8853755363358.png"},{"title":"BONTE agua oxigenada vol. 10 botella 250 ml","price":"0,69 €","pricePerUnit":"(2,76 €/l.)","imgUrl":"https://s3.dia.es/medias/h31/hb0/8855942823966.png"},{"title":"BONTE alcohol etilico 96º botella 250ml","price":"0,69 €","pricePerUnit":"(2,76 €/l.)","imgUrl":"https://s0.dia.es/medias/h50/h99/8855985291294.png"},{"title":"BONTE banda de calor caja 2 uds","price":"3,45 €","pricePerUnit":"(23,00 €/l.)","imgUrl":"https://s2.dia.es/medias/h57/h96/9175931355166.jpg"},{"title":"BONTE povidona iodada 10% botella 125 ml","price":"1,79 €","pricePerUnit":"(14,32 €/l.)","imgUrl":"https://s3.dia.es/medias/h2b/h73/8855877222430.png"},{"title":"BONTE solución única para lentes de contacto formato viaje bote 100 ml","price":"2,95 €","pricePerUnit":"(29,50 €/l.)","imgUrl":"https://s2.dia.es/medias/ha1/h05/9052666626078.jpg"},{"title":"DIRANZO agua oxigenada 10 vol. bote 500 ml","price":"1,55 €","pricePerUnit":"(3,10 €/l.)","imgUrl":"https://s2.dia.es/medias/h26/h87/9093431918622.jpg"},{"title":"DIRANZO alcohol sanitario vol 96 º bote 1 litro","price":"3,15 €","pricePerUnit":"(3,15 €/l.)","imgUrl":"https://s2.dia.es/medias/hbf/h42/9093436899358.jpg"},{"title":"DIRANZO alcohol sanitario vol 96 º bote 250 ml","price":"1,29 €","pricePerUnit":"(5,16 €/l.)","imgUrl":"https://s2.dia.es/medias/h05/h1f/9093431590942.jpg"},{"title":"DIRANZO alcohol sanitario vol 96 º bote 500 ml","price":"2,09 €","pricePerUnit":"(4,18 €/l.)","imgUrl":"https://s3.dia.es/medias/h74/h67/9093440176158.jpg"},{"title":"EUDERMIN polvos de talco bote 200 gr","price":"2,59 €","pricePerUnit":"(12,95 €/Kg.)","imgUrl":"https://s2.dia.es/medias/h04/h49/8860939649054.png"}]},"algodon-bastoncillos":{"categoryUrl":"/compra-online/productos/perfumeria-e-higiene/botiquin/algodon-bastoncillos/c/WEB.010.077.00527","products":[{"title":"BABYSMILE algodón maxi cuadrado bolsa 80 uds","price":"1,99 €","pricePerUnit":"(1,99 €/ud.)","imgUrl":"https://s3.dia.es/medias/hbf/hdc/8945623597086.png"},{"title":"BABYSMILE bastoncillos bebé caja 50 uds","price":"0,75 €","pricePerUnit":"(0,75 €/ud.)","imgUrl":"https://s0.dia.es/medias/h83/h74/8961353383966.jpg"},{"title":"BEL algodón zigzag familiar bolsa 120 gr","price":"1,65 €","pricePerUnit":"(13,75 €/Kg.)","imgUrl":"https://s3.dia.es/medias/hd3/hc9/8858360283166.png"},{"title":"BONTE algodón hidrófilo muy absorbente bolsa 200 gr","price":"1,65 €","pricePerUnit":"(8,25 €/Kg.)","imgUrl":"https://s3.dia.es/medias/h69/he3/8855888232478.png"},{"title":"BONTE bastoncillos de algodón bote 200 uds","price":"0,65 €","pricePerUnit":"(0,65 €/ud.)","imgUrl":"https://s2.dia.es/medias/h62/h4e/8854973906974.png"},{"title":"BONTE tapones oídos blíster 4 uds","price":"1,59 €","pricePerUnit":"(0,40 €/ud.)","imgUrl":"https://s3.dia.es/medias/h76/h92/9125411749918.jpg"},{"title":"SOLUPHARM tapones para oídos blíster 4 uds","price":"2,95 €","pricePerUnit":"(0,74 €/ud.)","imgUrl":"https://s3.dia.es/medias/h11/hba/9035482497054.jpg"}]},"tiritas-protectoras":{"categoryUrl":"/compra-online/productos/perfumeria-e-higiene/botiquin/tiritas-protectoras/c/WEB.010.077.00528","products":[{"title":"BONTE apósitos para ampollas alivia el dolor y la presión caja 5 uds","price":"3,19 €","pricePerUnit":"(0,64 €/ud.)","imgUrl":"https://s2.dia.es/medias/hd8/h7a/9300119584798.jpg"},{"title":"BONTE apósitos surtidos caja 30 uds","price":"0,95 €","pricePerUnit":"(0,95 €/ud.)","imgUrl":"https://s0.dia.es/medias/hd3/h2c/9074765332510.jpg"},{"title":"BONTE compresas de gasa esterilizadas 7,5 x 7,5 cm caja 5 x 2 uds","price":"1,19 €","pricePerUnit":"(0,12 €/ud.)","imgUrl":"https://s0.dia.es/medias/h05/ha6/9127055491102.jpg"},{"title":"BONTE esparadrapo en tejido clásico 5m x 2,5 cm caja 1 ud","price":"1,29 €","pricePerUnit":"(1,29 €/ud.)","imgUrl":"https://s1.dia.es/medias/h99/h3d/8995748642846.jpg"},{"title":"BONTE esparadrapo en tejido sin tejer hipóalergenico 5m x 2,5 cm caja 1 ud","price":"1,19 €","pricePerUnit":"(1,19 €/ud.)","imgUrl":"https://s0.dia.es/medias/hb0/h80/8860188442654.png"},{"title":"BONTE tira adhesiva en tejido elástico para cortar 10 x 6 cm caja 10 uds","price":"1,38 €","pricePerUnit":"(0,14 €/ud.)","imgUrl":"https://s2.dia.es/medias/h8b/hd0/9104444031006.jpg"},{"title":"BONTE tiras nasales mejoran la respiración caja 10 uds","price":"3,05 €","pricePerUnit":"(0,31 €/ud.)","imgUrl":"https://s0.dia.es/medias/ha2/he2/9081068290078.jpg"},{"title":"BONTE tiritas impermeables al agua formato dos tamaños caja 10 uds","price":"0,89 €","pricePerUnit":"(0,09 €/ud.)","imgUrl":"https://s0.dia.es/medias/h0a/h5a/8962666922014.jpg"},{"title":"HANSAPLAST apósito para cortar universal resistente al agua 1m x 6cm caja","price":"2,99 €","pricePerUnit":"(2,99 €/ud.)","imgUrl":"https://s3.dia.es/medias/h73/hdc/8856473108510.png"},{"title":"HANSAPLAST apósito protector de rozaduras caja 2 uds","price":"6,39 €","pricePerUnit":"(6,39 €/ud.)","imgUrl":"https://s2.dia.es/medias/h43/h79/8858505183262.png"},{"title":"HANSAPLAST apósitos curación rápida caja 8 uds","price":"6,55 €","pricePerUnit":"(0,82 €/ud.)","imgUrl":"https://s1.dia.es/medias/h0c/h77/8857141510174.png"},{"title":"HANSAPLAST apósitos elactic extra flexible mini pack 6 uds","price":"1,00 €","pricePerUnit":"(1,00 €/ud.)","imgUrl":"https://s1.dia.es/medias/hf7/h2b/8946216239134.png"},{"title":"HANSAPLAST apósitos elásticas para dedos caja 16 uds","price":"2,89 €","pricePerUnit":"(0,18 €/ud.)","imgUrl":"https://s0.dia.es/medias/he1/h14/8857118539806.png"},{"title":"HANSAPLAST apósitos para ampollas grande caja 5 uds","price":"6,39 €","pricePerUnit":"(1,28 €/ud.)","imgUrl":"https://s1.dia.es/medias/h79/h9b/8858456883230.png"},{"title":"HANSAPLAST apósitos para callos elimina y alivia la presión caja 8 uds","price":"3,35 €","pricePerUnit":"(0,42 €/ud.)","imgUrl":"https://s1.dia.es/medias/ha5/h4c/8855004315678.png"},{"title":"HANSAPLAST apósitos surtidos universal resistente al agua caja 20 uds","price":"2,39 €","pricePerUnit":"(0,12 €/ud.)","imgUrl":"https://s2.dia.es/medias/hc8/h8a/8856498864158.png"},{"title":"HANSAPLAST esparadrapo fijador classic 5 m x 2,5 cm caja 1 ud","price":"3,29 €","pricePerUnit":"(0,09 €/ud.)","imgUrl":"https://s1.dia.es/medias/h2e/hf0/8856347738142.png"},{"title":"HANSAPLAST Frozen apósitos para niños caja 20 uds","price":"2,99 €","pricePerUnit":"(0,15 €/ud.)","imgUrl":"https://s2.dia.es/medias/h14/h37/9291668389918.jpg"},{"title":"HANSAPLAST Mickey mouse apósitos para niños caja 20 uds","price":"2,89 €","pricePerUnit":"(0,14 €/ud.)","imgUrl":"https://s3.dia.es/medias/hf5/h34/9298871910430.jpg"},{"title":"HANSAPLAST Star wars apósitos para niños caja 20 uds","price":"2,99 €","pricePerUnit":"(0,15 €/ud.)","imgUrl":"https://s2.dia.es/medias/hfe/hec/9291667406878.jpg"},{"title":"JUNIORSMILE tiritas para niños caja 20 uds","price":"1,03 €","pricePerUnit":"(0,05 €/ud.)","imgUrl":"https://s1.dia.es/medias/hcc/hf7/8958563516446.png"},{"title":"SALVELOX esparadrapo blanco 5 m x 2,5 cm","price":"2,29 €","pricePerUnit":"(2,29 €/ud.)","imgUrl":"https://s3.dia.es/medias/h6a/hef/9035533680670.jpg"}]},"bicarbonato":{"categoryUrl":"/compra-online/productos/perfumeria-e-higiene/botiquin/bicarbonato/c/WEB.010.077.00529","products":[{"title":"DIA bicarbonato sódico bote 300 gr","price":"0,43 €","pricePerUnit":"(1,43 €/Kg.)","imgUrl":"https://s1.dia.es/medias/h04/h5f/9004995936286.jpg"}]},"optica":{"categoryUrl":"/compra-online/productos/perfumeria-e-higiene/botiquin/optica/c/WEB.010.077.00582","products":[{"title":"BONTE gotas hidratantes y refrescantes bote 10 ml","price":"3,85 €","pricePerUnit":"(385,00 €/l.)","imgUrl":"https://s1.dia.es/medias/h5b/h03/9052684779550.jpg"},{"title":"BONTE kit para lentes de contacto formato viaje 1 ud","price":"5,99 €","pricePerUnit":"(5,99 €/ud.)","imgUrl":"https://s0.dia.es/medias/h35/h4b/8874411294750.png"},{"title":"BONTE solución única para lentes de contacto bote 360 ml","price":"3,99 €","pricePerUnit":"(11,08 €/l.)","imgUrl":"https://s2.dia.es/medias/hf6/h33/8959652921374.png"},{"title":"PARMASET suero fisiológico unidosis caja 30 uds","price":"3,99 €","pricePerUnit":"(26,60 €/l.)","imgUrl":"https://s3.dia.es/medias/h0a/hcf/9035470962718.jpg"},{"title":"PHARMASET suero fisiológico unidosis caja 2 x 30 uds","price":"7,49 €","pricePerUnit":"(24,97 €/l.)","imgUrl":"https://s3.dia.es/medias/h2a/h0a/9035445665822.jpg"}]}},"colonias":{"name":"Colonias","productTypes":["masculinas","femeninas","familiar"],"masculinas":{"categoryUrl":"/compra-online/productos/perfumeria-e-higiene/colonias/masculinas/c/WEB.010.078.00530","products":[{"title":"ADIDAS colonia champions league arena edition spray 100 ml","price":"14,75 €","pricePerUnit":"(147,50 €/l.)","imgUrl":"https://s2.dia.es/medias/hb6/h6e/9096059322398.jpg"},{"title":"ADIDAS colonia get ready for him frasco 50 ml","price":"9,95 €","pricePerUnit":"(199,00 €/l.)","imgUrl":"https://s3.dia.es/medias/h6d/h83/9219958472734.jpg"},{"title":"ADIDAS colonia ice dive frasco 100 ml","price":"12,99 €","pricePerUnit":"(129,90 €/l.)","imgUrl":"https://s2.dia.es/medias/h85/h28/8855010082846.png"},{"title":"ADIDAS colonia pure game frasco 100 ml","price":"12,55 €","pricePerUnit":"(12,55 €/ud.)","imgUrl":"https://s3.dia.es/medias/h13/h5c/8890308558878.png"},{"title":"ADIDAS colonia uefa champions league 2 frasco 100 ml","price":"15,75 €","pricePerUnit":"(157,50 €/l.)","imgUrl":"https://s0.dia.es/medias/h43/h3f/8861327556638.png"},{"title":"AGUA BRAVA colonia natural spray 100 ml","price":"19,95 €","pricePerUnit":"(199,50 €/l.)","imgUrl":"https://s3.dia.es/medias/h35/h12/8963383427102.jpg"},{"title":"ANTONIO BANDERAS colonia the golden secret frasco 100 ml","price":"22,50 €","pricePerUnit":"(225,00 €/l.)","imgUrl":"https://s0.dia.es/medias/h7b/hd5/8963274637342.jpg"},{"title":"ANTONIO BANDERAS colonia the secret frasco 100 ml","price":"18,50 €","pricePerUnit":"(185,00 €/l.)","imgUrl":"https://s0.dia.es/medias/h9c/heb/8963396534302.jpg"},{"title":"AXE colonia daily adrenaline iced musk & ginger spray 100 ml","price":"6,99 €","pricePerUnit":"(69,90 €/l.)","imgUrl":"https://s0.dia.es/medias/hc1/he4/9079438606366.jpg"},{"title":"AXE colonia dark temptation frasco 100 ml","price":"12,50 €","pricePerUnit":"(125,00 €/l.)","imgUrl":"https://s1.dia.es/medias/h78/h31/9091231252510.jpg"},{"title":"AXE colonia urban tobacco & amber spray 100 ml","price":"6,25 €","pricePerUnit":"(62,50 €/l.)","imgUrl":"https://s0.dia.es/medias/h98/hb9/9092283891742.jpg"},{"title":"BENETTON united dreams go far spray 100 ml","price":"15,99 €","pricePerUnit":"(159,90 €/l.)","imgUrl":"https://s2.dia.es/medias/hd9/h75/8964281499678.jpg"},{"title":"BONTE colonia atraction spray 100 ml","price":"4,19 €","pricePerUnit":"(41,90 €/l.)","imgUrl":"https://s1.dia.es/medias/hf3/h69/9108913389598.jpg"},{"title":"BONTE colonia blizzard spray 100 ml","price":"6,99 €","pricePerUnit":"(69,90 €/l.)","imgUrl":"https://s2.dia.es/medias/hb7/h79/9127221887006.jpg"},{"title":"BONTE colonia cool fragancia aromática-acuática botella 100 ml","price":"6,99 €","pricePerUnit":"(69,90 €/l.)","imgUrl":"https://s3.dia.es/medias/h17/h2a/8961208221726.jpg"},{"title":"BONTE colonia dark power spray 100 ml","price":"4,19 €","pricePerUnit":"(41,90 €/l.)","imgUrl":"https://s2.dia.es/medias/h02/h06/9108917977118.jpg"},{"title":"BONTE colonia legend fragancia amaderada frasco 100 ml","price":"6,99 €","pricePerUnit":"(69,90 €/l.)","imgUrl":"https://s0.dia.es/medias/h58/h33/8961292632094.jpg"},{"title":"BONTE colonia victorious fragancia amaderada aromática frasco 100 ml","price":"6,99 €","pricePerUnit":"(69,90 €/l.)","imgUrl":"https://s2.dia.es/medias/hdf/h37/8961259077662.jpg"},{"title":"BONTE colonia waterspout spray 100 ml","price":"6,99 €","pricePerUnit":"(69,90 €/l.)","imgUrl":"https://s0.dia.es/medias/had/hb7/9126988644382.jpg"},{"title":"BONTE colonia wildfire spray 100 ml","price":"6,99 €","pricePerUnit":"(69,90 €/l.)","imgUrl":"https://s1.dia.es/medias/h8e/h41/9127200981022.jpg"},{"title":"BRUMMEL colonia frasco 125 ml","price":"7,11 €","pricePerUnit":"(56,88 €/l.)","imgUrl":"https://s0.dia.es/medias/h5a/h1c/9198643609630.jpg"},{"title":"BRUMMEL colonia spray 125 ml","price":"7,95 €","pricePerUnit":"(63,60 €/l.)","imgUrl":"https://s0.dia.es/medias/hc3/h14/8963406463006.jpg"},{"title":"BUSTAMANTE colonia muy mío frasco 100 ml","price":"6,95 €","pricePerUnit":"(69,50 €/l.)","imgUrl":"https://s3.dia.es/medias/hfd/he4/9091245473822.jpg"},{"title":"BUSTAMANTE colonia muy mío sport frasco 100 ml","price":"7,39 €","pricePerUnit":"(7,39 €/ud.)","imgUrl":"https://s0.dia.es/medias/ha6/hf1/9096046542878.jpg"},{"title":"CROSSMEN colonia original frasco 200 ml al precio de 100 ml","price":"13,99 €","pricePerUnit":"(69,95 €/l.)","imgUrl":"https://s1.dia.es/medias/h41/h81/8857007652894.png"},{"title":"DAVID BECKHAM colonia beyond spray 60 ml","price":"18,45 €","pricePerUnit":"(307,50 €/l.)","imgUrl":"https://s0.dia.es/medias/h27/h3f/9135253749790.jpg"},{"title":"DAVID BECKHAM colonia instinct spray 50 ml","price":"18,45 €","pricePerUnit":"(369,00 €/l.)","imgUrl":"https://s3.dia.es/medias/hac/h75/9135269806110.jpg"},{"title":"DICORA colonia london spray 100 ml","price":"9,99 €","pricePerUnit":"(99,90 €/l.)","imgUrl":"https://s3.dia.es/medias/h98/he8/9523054477342.jpg"},{"title":"DICORA colonia tokyo spray 100 ml","price":"9,99 €","pricePerUnit":"(99,90 €/l.)","imgUrl":"https://s3.dia.es/medias/h67/ha3/9523086589982.jpg"},{"title":"DON ALGODON colonia silver spray 100 ml","price":"14,90 €","pricePerUnit":"(149,00 €/l.)","imgUrl":"https://s2.dia.es/medias/h4c/h0e/8964369186846.jpg"},{"title":"ENRIQUE IGLESIAS colonia adrenalina spray 100 ml","price":"19,90 €","pricePerUnit":"(199,00 €/l.)","imgUrl":"https://s1.dia.es/medias/h6a/hfb/9136130523166.jpg"},{"title":"ENRIQUE IGLESIAS deeply yours para hombre spray 90 ml","price":"18,90 €","pricePerUnit":"(210,00 €/l.)","imgUrl":"https://s3.dia.es/medias/ha2/he1/9135283634206.jpg"},{"title":"FC BARCELONA colonia spray 100 ml","price":"11,95 €","pricePerUnit":"(119,50 €/l.)","imgUrl":"https://s0.dia.es/medias/h55/hdd/9392145694750.jpg"},{"title":"FC BARCELONA pack colonia 100 ml + desodorante spray 150 ml","price":"12,55 €","pricePerUnit":"(125,50 €/l.)","imgUrl":"https://s0.dia.es/medias/hfd/h7f/9391025553438.jpg"},{"title":"IMPACTO colonia frasco 100 ml","price":"6,19 €","pricePerUnit":"(61,90 €/l.)","imgUrl":"https://s1.dia.es/medias/h51/h97/9148283125790.jpg"},{"title":"MARC MISAKI colonia be free spray 150 ml","price":"11,99 €","pricePerUnit":"(79,93 €/l.)","imgUrl":"https://s0.dia.es/medias/h72/he5/9391536865310.jpg"},{"title":"MARC MISAKI colonia one way spray 150 ml","price":"11,99 €","pricePerUnit":"(79,93 €/l.)","imgUrl":"https://s3.dia.es/medias/h43/hda/9391535226910.jpg"},{"title":"MARC MISAKI colonia urban concept spray 150 ml","price":"11,99 €","pricePerUnit":"(79,93 €/l.)","imgUrl":"https://s0.dia.es/medias/he8/h7c/9391532933150.jpg"},{"title":"PERTEGAZ colonia unisex porto vecchio spray 150 ml","price":"14,95 €","pricePerUnit":"(99,67 €/l.)","imgUrl":"https://s3.dia.es/medias/hc5/h32/9391533260830.jpg"},{"title":"PLAYBOY colonia king of the game spray 100 ml","price":"16,55 €","pricePerUnit":"(165,50 €/l.)","imgUrl":"https://s2.dia.es/medias/h04/h33/9096083046430.jpg"},{"title":"PLAYBOY pack vip colonia 60 ml + desodorante 150 ml","price":"9,95 €","pricePerUnit":"(9,95 €/ud.)","imgUrl":"https://s2.dia.es/medias/hfc/h05/9136080257054.jpg"},{"title":"POSEIDON colonia gold for men frasco 150 ml","price":"10,50 €","pricePerUnit":"(70,00 €/l.)","imgUrl":"https://s3.dia.es/medias/h07/hf3/9008537632798.jpg"},{"title":"POSEIDON colonia sport for men spray 150 ml","price":"14,95 €","pricePerUnit":"(99,67 €/l.)","imgUrl":"https://s2.dia.es/medias/hd1/h2d/9135293136926.jpg"},{"title":"ROYALE AMBREE colonia frasco 200 ml","price":"8,09 €","pricePerUnit":"(40,45 €/l.)","imgUrl":"https://s0.dia.es/medias/h93/h47/8962611871774.jpg"},{"title":"SPRINGFIELD colonia forever free frasco 100 ml","price":"17,25 €","pricePerUnit":"(172,50 €/l.)","imgUrl":"https://s3.dia.es/medias/hd8/h60/8963419635742.jpg"},{"title":"SPRINGFIELD colonia frasco 100 ml","price":"13,55 €","pricePerUnit":"(135,50 €/l.)","imgUrl":"https://s2.dia.es/medias/h22/h70/8963440279582.jpg"},{"title":"TITTO BLUNI colonia acqua blu spray 2 x 75 ml","price":"12,85 €","pricePerUnit":"(128,50 €/l.)","imgUrl":"https://s0.dia.es/medias/h90/h57/9565286694942.jpg"},{"title":"TITTO BLUNI colonia collezione spray 2 x 100 ml","price":"12,25 €","pricePerUnit":"(12,25 €/ud.)","imgUrl":"https://s0.dia.es/medias/h87/h04/9565288333342.jpg"},{"title":"VARON DANDY colonia masaje botella 1 lt","price":"10,25 €","pricePerUnit":"(10,25 €/l.)","imgUrl":"https://s2.dia.es/medias/hcf/h4a/8856577507358.png"},{"title":"VICTORIO & LUCCHINO aguas masculinas nº 1 spray 150 ml","price":"10,90 €","pricePerUnit":"(72,67 €/l.)","imgUrl":"https://s0.dia.es/medias/h32/hb2/9096558706718.jpg"},{"title":"VICTORIO & LUCCHINO aguas masculinas nº 2 spray 150 ml","price":"10,90 €","pricePerUnit":"(72,67 €/l.)","imgUrl":"https://s3.dia.es/medias/hdd/ha3/9096313798686.jpg"},{"title":"VICTORIO & LUCCHINO aguas masculinas nº 3 spray 150 ml","price":"10,90 €","pricePerUnit":"(72,67 €/l.)","imgUrl":"https://s0.dia.es/medias/h7c/h1e/9096208121886.jpg"},{"title":"WILLIAMS agua de colonia sport frasco 200 ml","price":"7,00 €","pricePerUnit":"(35,00 €/l.)","imgUrl":"https://s2.dia.es/medias/he0/h30/8856355602462.png"}]},"femeninas":{"categoryUrl":"/compra-online/productos/perfumeria-e-higiene/colonias/femeninas/c/WEB.010.078.00531","products":[{"title":"ADIDAS colonia get ready for her frasco 50 ml","price":"9,95 €","pricePerUnit":"(199,00 €/l.)","imgUrl":"https://s2.dia.es/medias/hc1/hfa/8860414574622.png"},{"title":"AGUA DE LUNA colonia spray 100 ml","price":"8,49 €","pricePerUnit":"(84,90 €/l.)","imgUrl":"https://s1.dia.es/medias/h3b/hc0/9095969898526.jpg"},{"title":"AIRE DE SEVILLA colonia agua fresca de rosas spray 150 ml","price":"9,99 €","pricePerUnit":"(66,60 €/l.)","imgUrl":"https://s3.dia.es/medias/h40/hbc/9091151757342.jpg"},{"title":"AIRE DE SEVILLA colonia rosé spray 150 ml","price":"11,75 €","pricePerUnit":"(78,33 €/l.)","imgUrl":"https://s0.dia.es/medias/h58/h7c/9004046549022.jpg"},{"title":"BEYONCE colonia heat frasco 50 ml","price":"12,90 €","pricePerUnit":"(12,90 €/ud.)","imgUrl":"https://s0.dia.es/medias/h53/hcb/8946528190494.png"},{"title":"BONTE Body mist corporal citric explosion spray 200 ml","price":"2,49 €","pricePerUnit":"(12,45 €/l.)","imgUrl":"https://s0.dia.es/medias/hcd/hf1/8983999971358.jpg"},{"title":"BONTE colonia be diva fragancia floral frasco 100 ml","price":"6,99 €","pricePerUnit":"(69,90 €/l.)","imgUrl":"https://s1.dia.es/medias/hab/hca/8961317535774.jpg"},{"title":"BONTE colonia be in love fragancia oriental-floral frasco 100 ml","price":"6,99 €","pricePerUnit":"(69,90 €/l.)","imgUrl":"https://s2.dia.es/medias/he9/h90/8961198063646.jpg"},{"title":"BONTE colonia be unique fragancia floral-afrutada  frasco 100 ml","price":"6,99 €","pricePerUnit":"(69,90 €/l.)","imgUrl":"https://s2.dia.es/medias/ha4/hc5/8961267138590.jpg"},{"title":"BONTE colonia follow me spray 100 ml","price":"6,99 €","pricePerUnit":"(69,90 €/l.)","imgUrl":"https://s0.dia.es/medias/h6c/h2e/9127227129886.jpg"},{"title":"BONTE colonia like spray 100 ml","price":"6,99 €","pricePerUnit":"(69,90 €/l.)","imgUrl":"https://s3.dia.es/medias/haf/hae/9127057457182.jpg"},{"title":"BONTE colonia no filters spray 100 ml","price":"6,99 €","pricePerUnit":"(69,90 €/l.)","imgUrl":"https://s3.dia.es/medias/h35/h77/9127093567518.jpg"},{"title":"BONTE spray corporal cherry chic frutal- almizclada spray 200 ml","price":"2,49 €","pricePerUnit":"(12,45 €/l.)","imgUrl":"https://s1.dia.es/medias/h47/h5d/8903183466526.png"},{"title":"BONTE spray corporal spring water afrutada-fresca spray 200 ml","price":"2,49 €","pricePerUnit":"(12,45 €/l.)","imgUrl":"https://s1.dia.es/medias/ha6/h2c/8903163084830.png"},{"title":"BONTE spray corporal vainilla dream spray 200 ml","price":"2,49 €","pricePerUnit":"(12,45 €/l.)","imgUrl":"https://s1.dia.es/medias/he3/hdc/9007473688606.jpg"},{"title":"DESCENDIENTES colonia corporal fresca spray 200 ml","price":"6,95 €","pricePerUnit":"(27,80 €/l.)","imgUrl":"https://s1.dia.es/medias/hc2/h86/8876255772702.png"},{"title":"DICORA colonia milan spray 100 ml","price":"9,99 €","pricePerUnit":"(99,90 €/l.)","imgUrl":"https://s2.dia.es/medias/h21/h3b/9523068731422.jpg"},{"title":"DON ALGODON colonia mujer spray 100 ml","price":"14,95 €","pricePerUnit":"(149,50 €/l.)","imgUrl":"https://s3.dia.es/medias/h08/h29/8963271688222.jpg"},{"title":"DON ALGODÓN pack colonia spray 100 ml + colonia 10 ml + gel de ducha 75 ml + body lotion 75 ml","price":"15,99 €","pricePerUnit":"(15,99 €/ud.)","imgUrl":"https://s3.dia.es/medias/h95/hc1/9507212197918.jpg"},{"title":"EAU JEUNE colonia senteurs spray 75 ml","price":"8,95 €","pricePerUnit":"(119,33 €/l.)","imgUrl":"https://s0.dia.es/medias/h7d/h02/8963357212702.jpg"},{"title":"ENRIQUE IGLESIAS colonia deeply your spray 90 ml","price":"18,90 €","pricePerUnit":"(210,00 €/l.)","imgUrl":"https://s1.dia.es/medias/he0/h11/9135276752926.jpg"},{"title":"FLEUR DE JOUR colonia frasco 100 ml","price":"7,00 €","pricePerUnit":"(70,00 €/l.)","imgUrl":"https://s1.dia.es/medias/h23/h64/8963364421662.jpg"},{"title":"GORJUSS pack Ladybird colonia spray 50 ml + neceser","price":"13,95 €","pricePerUnit":"(13,95 €/ud.)","imgUrl":"https://s2.dia.es/medias/h8d/hb7/9502653284382.jpg"},{"title":"HENO DE PRAVIA agua de colonia frasco 150 ml","price":"7,95 €","pricePerUnit":"(53,00 €/l.)","imgUrl":"https://s0.dia.es/medias/h94/h3c/8963327393822.jpg"},{"title":"LA RIVE colonia queen of life spray 75 ml","price":"7,29 €","pricePerUnit":"(97,20 €/l.)","imgUrl":"https://s0.dia.es/medias/hbf/h59/9291674288158.jpg"},{"title":"MALÚ eau de toilette live love music frasco 100 ml","price":"7,95 €","pricePerUnit":"(79,50 €/l.)","imgUrl":"https://s0.dia.es/medias/hc6/h95/8964343562270.jpg"},{"title":"MARC MISAKI colonia green concept spray 150 ml","price":"11,99 €","pricePerUnit":"(79,93 €/l.)","imgUrl":"https://s0.dia.es/medias/h7c/h75/9391532277790.jpg"},{"title":"MOUSSEL agua fresca de colonia spray 600 ml","price":"5,59 €","pricePerUnit":"(9,32 €/l.)","imgUrl":"https://s2.dia.es/medias/h7c/h48/9227142660126.jpg"},{"title":"PACHA IBIZA colonia queen rose frasco 80 ml","price":"12,95 €","pricePerUnit":"(12,95 €/ud.)","imgUrl":"https://s0.dia.es/medias/h7d/h6a/8964283990046.jpg"},{"title":"PACHA IBIZA colonia queen sexy frasco 80 ml","price":"12,95 €","pricePerUnit":"(161,88 €/l.)","imgUrl":"https://s1.dia.es/medias/h4a/hef/8964354965534.jpg"},{"title":"PAULA ECHEVARRÍA colonia frasco 100 ml","price":"7,95 €","pricePerUnit":"(79,50 €/l.)","imgUrl":"https://s1.dia.es/medias/ha9/h5e/8964215504926.jpg"},{"title":"PERTEGAZ colonia unisex provence spray 150 ml","price":"14,95 €","pricePerUnit":"(99,67 €/l.)","imgUrl":"https://s1.dia.es/medias/hdd/h34/9391531294750.jpg"},{"title":"PLAYBOY colonia queen of the game spray 90 ml","price":"17,60 €","pricePerUnit":"(195,56 €/l.)","imgUrl":"https://s3.dia.es/medias/h54/hb5/9096077606942.jpg"},{"title":"PLAYBOY colonia super for her frasco 90 ml","price":"14,95 €","pricePerUnit":"(166,11 €/l.)","imgUrl":"https://s1.dia.es/medias/he0/h8e/8957631365150.png"},{"title":"PRINCESAS colonia corporal spray 200 ml","price":"6,95 €","pricePerUnit":"(6,95 €/ud.)","imgUrl":"https://s1.dia.es/medias/hca/h4e/8964203511838.jpg"},{"title":"VANDERBILT colonia gloria spray 100 ml","price":"8,95 €","pricePerUnit":"(179,00 €/l.)","imgUrl":"https://s2.dia.es/medias/hda/h19/8999929479198.jpg"},{"title":"VICKY MARTIN BERROCAL colonia alba spray 100 ml","price":"11,95 €","pricePerUnit":"(119,50 €/l.)","imgUrl":"https://s0.dia.es/medias/h3c/hd5/9392127344670.jpg"},{"title":"VICKY MARTIN BERROCAL colonia eterna spray 100 ml","price":"11,95 €","pricePerUnit":"(119,50 €/l.)","imgUrl":"https://s0.dia.es/medias/h53/ha3/9392142090270.jpg"},{"title":"VICTORIO & LUCCHINO agua de colonia nº 1 spray 150 ml","price":"11,50 €","pricePerUnit":"(76,67 €/l.)","imgUrl":"https://s0.dia.es/medias/h5e/h81/8964208033822.jpg"},{"title":"VICTORIO & LUCCHINO agua de colonia nº 2 spray 150 ml","price":"11,50 €","pricePerUnit":"(76,67 €/l.)","imgUrl":"https://s0.dia.es/medias/h9e/h97/8964320165918.jpg"},{"title":"VICTORIO & LUCCHINO agua de colonia nº 3 spray 150 ml","price":"14,50 €","pricePerUnit":"(96,67 €/l.)","imgUrl":"https://s3.dia.es/medias/h61/h69/8964309418014.jpg"},{"title":"VICTORIO & LUCCHINO agua de colonia nº 6 spray 150 ml","price":"11,50 €","pricePerUnit":"(76,67 €/l.)","imgUrl":"https://s3.dia.es/medias/hc9/h80/9096430059550.jpg"},{"title":"VICTORIO & LUCCHINO colonia capricho floral azahar frasco 100 ml","price":"19,95 €","pricePerUnit":"(199,50 €/l.)","imgUrl":"https://s2.dia.es/medias/hc6/h50/8963388997662.jpg"},{"title":"VICTORIO & LUCCHINO colonia capricho floral rosas frasco 100 ml","price":"19,95 €","pricePerUnit":"(199,50 €/l.)","imgUrl":"https://s1.dia.es/medias/h8b/hc8/8963329687582.jpg"},{"title":"VICTORIO & LUCCHINO VIVA! colonia frasco 100 ml","price":"25,50 €","pricePerUnit":"(255,00 €/l.)","imgUrl":"https://s3.dia.es/medias/ha9/h15/8964243292190.jpg"},{"title":"WOMAN SECRET colonia gold seduction spray 100 ml","price":"16,99 €","pricePerUnit":"(169,90 €/l.)","imgUrl":"https://s3.dia.es/medias/h71/h1c/9391013625886.jpg"},{"title":"WOMEN SECRET Body mist corporal beach please exotic spray 250 ml","price":"8,95 €","pricePerUnit":"(35,80 €/l.)","imgUrl":"https://s3.dia.es/medias/h3c/ha0/9399456890910.jpg"},{"title":"WOMEN SECRET Body mist corporal beach please oasis spray 250 ml","price":"8,95 €","pricePerUnit":"(35,80 €/l.)","imgUrl":"https://s1.dia.es/medias/hcc/h83/9392137830430.jpg"},{"title":"WOMEN SECRET Body mist corporal beach please paradise spray 250 ml","price":"8,95 €","pricePerUnit":"(35,80 €/l.)","imgUrl":"https://s1.dia.es/medias/h4d/h1b/9399396040734.jpg"},{"title":"WOMEN SECRET colonia it´s fresh spray 100 ml","price":"16,99 €","pricePerUnit":"(169,90 €/l.)","imgUrl":"https://s2.dia.es/medias/h20/h1a/9392144384030.jpg"},{"title":"WOMEN SECRET colonia my delice spray 100 ml","price":"16,99 €","pricePerUnit":"(169,90 €/l.)","imgUrl":"https://s2.dia.es/medias/hd7/h24/9392132587550.jpg"},{"title":"WOMEN SECRET colonia my secret spray 100 ml","price":"16,99 €","pricePerUnit":"(169,90 €/l.)","imgUrl":"https://s3.dia.es/medias/h54/h30/9392125706270.jpg"},{"title":"WOMEN SECRET pack gold seduction colonia 100 ml + loción 200 ml","price":"17,99 €","pricePerUnit":"(17,99 €/ud.)","imgUrl":"https://s0.dia.es/medias/h35/h0a/9391014346782.jpg"},{"title":"WOMEN SECRET pack it´s fresh colonia 100 ml + loción 200 ml","price":"17,99 €","pricePerUnit":"(17,99 €/ud.)","imgUrl":"https://s3.dia.es/medias/hcb/had/9391017295902.jpg"},{"title":"WOMEN SECRET pack my delice colonia 100 ml + loción 200 ml","price":"17,99 €","pricePerUnit":"(17,99 €/ud.)","imgUrl":"https://s3.dia.es/medias/ha6/h1d/9391021621278.jpg"},{"title":"WOMEN SECRET pack my secret colonia 100 ml + loción 200 ml","price":"17,99 €","pricePerUnit":"(17,99 €/ud.)","imgUrl":"https://s1.dia.es/medias/h94/ha4/9412453728286.jpg"}]},"familiar":{"categoryUrl":"/compra-online/productos/perfumeria-e-higiene/colonias/familiar/c/WEB.010.078.00532","products":[{"title":"1916 agua de colonia original frasco 200 ml","price":"12,59 €","pricePerUnit":"(62,95 €/l.)","imgUrl":"https://s2.dia.es/medias/h5e/h96/8963294298142.jpg"},{"title":"FA agua de colonia limones del caribe bote 750 ml","price":"3,99 €","pricePerUnit":"(5,32 €/l.)","imgUrl":"https://s2.dia.es/medias/had/hb4/9536190513182.jpg"},{"title":"HENO DE PRAVIA agua de colonia glicerina y té blanco bote 650 ml","price":"3,29 €","pricePerUnit":"(5,06 €/l.)","imgUrl":"https://s2.dia.es/medias/h54/h16/8853615771678.png"},{"title":"HENO DE PRAVIA agua de colonia original botella 650 ml","price":"2,35 €","pricePerUnit":"(3,62 €/l.)","imgUrl":"https://s0.dia.es/medias/hfa/h92/9303465426974.jpg"},{"title":"INSTITUTO ESPAÑOL agua de colonia gotas de oro clásica bote 750 ml","price":"5,99 €","pricePerUnit":"(7,99 €/l.)","imgUrl":"https://s1.dia.es/medias/h92/h11/9096420884510.jpg"},{"title":"INSTITUTO ESPAÑOL agua de colonia gotas frescas bote 750 ml","price":"7,19 €","pricePerUnit":"(9,59 €/l.)","imgUrl":"https://s0.dia.es/medias/hac/h23/9096379203614.jpg"},{"title":"INSTITUTO ESPAÑOL agua de colonia gotas frescas bote 750 ml","price":"8,79 €","pricePerUnit":"(11,72 €/l.)","imgUrl":"https://s2.dia.es/medias/h42/hc3/9136123969566.jpg"},{"title":"INSTITUTO ESPAÑOL agua de colonia gotas frescas spray 250 ml","price":"4,99 €","pricePerUnit":"(19,96 €/l.)","imgUrl":"https://s1.dia.es/medias/hfb/hba/9004157567006.jpg"},{"title":"NATURAL HONEY colonia frescor de colonia spray 150 ml","price":"2,75 €","pricePerUnit":"(18,33 €/l.)","imgUrl":"https://s2.dia.es/medias/h3c/h01/9096483864606.jpg"},{"title":"NATURAL HONEY colonia té verde bote 750 ml","price":"3,85 €","pricePerUnit":"(5,13 €/l.)","imgUrl":"https://s0.dia.es/medias/h95/h42/9633763459102.jpg"},{"title":"NENUCO agua de colonia clásica 1939 para adultos bote 750 ml","price":"3,99 €","pricePerUnit":"(5,32 €/l.)","imgUrl":"https://s1.dia.es/medias/h25/h58/9640378531870.jpg"},{"title":"PUIG colonia lavanda botella 750 ml","price":"3,65 €","pricePerUnit":"(4,87 €/l.)","imgUrl":"https://s2.dia.es/medias/h43/h0e/8963375235102.jpg"},{"title":"ROYALE AMBREE agua de colonia botella 750 ml","price":"15,85 €","pricePerUnit":"(21,13 €/l.)","imgUrl":"https://s0.dia.es/medias/haa/h9a/8963312320542.jpg"},{"title":"S3 agua de colonia classic fresh botella 600 ml","price":"3,25 €","pricePerUnit":"(5,42 €/l.)","imgUrl":"https://s3.dia.es/medias/hde/hbd/8963450109982.jpg"},{"title":"S3 agua de colonia natural fresh bote 600 ml","price":"2,99 €","pricePerUnit":"(4,98 €/l.)","imgUrl":"https://s0.dia.es/medias/ha5/h22/8963442573342.jpg"}]}},"cosmetica":{"name":"Cosmética","productTypes":["cosmetica","quitaesmalte-y-accesorios"],"cosmetica":{"categoryUrl":"/compra-online/productos/perfumeria-e-higiene/cosmetica/cosmetica/c/WEB.010.079.00533","products":[{"title":"BASIC gloss Transparente","price":"2,49 €","pricePerUnit":"(2,49 €/ud.)","imgUrl":"https://s0.dia.es/medias/h73/hd8/8858484736030.png"},{"title":"BASIC Longlasting base de maquillaje 1 Muy Claro","price":"4,49 €","pricePerUnit":"(4,49 €/ud.)","imgUrl":"https://s0.dia.es/medias/h39/h6c/8858805272606.png"},{"title":"ESSENCE Beauty Secrets pestañas postizas","price":"2,99 €","pricePerUnit":"(2,99 €/ud.)","imgUrl":"https://s3.dia.es/medias/h58/h51/8892664512542.jpg"},{"title":"ESSENCE Eye Pencil Longlasting lápiz de ojos 05 C'est La Vie!","price":"1,89 €","pricePerUnit":"(1,89 €/ud.)","imgUrl":"https://s1.dia.es/medias/h5c/h68/8892692856862.jpg"},{"title":"ESSENCE Eye Pencil Longlasting lápiz de ojos 17 Tu-Tu-Tourquoise","price":"1,89 €","pricePerUnit":"(1,89 €/ud.)","imgUrl":"https://s3.dia.es/medias/hfa/hec/8893002317854.jpg"},{"title":"ESSENCE Eye Pencil Longlasting lápiz de ojos  01 Black Fever","price":"1,89 €","pricePerUnit":"(1,89 €/ud.)","imgUrl":"https://s1.dia.es/medias/hf6/he0/8892942024734.jpg"},{"title":"ESSENCE Eye Pencil Longlasting lápiz de ojos  02 Hot Chocolate","price":"1,89 €","pricePerUnit":"(1,89 €/ud.)","imgUrl":"https://s2.dia.es/medias/hb3/hda/8893092364318.jpg"},{"title":"ESSENCE Eye Pencil Longlasting lápiz de ojos  09 Cool Down","price":"1,89 €","pricePerUnit":"(1,89 €/ud.)","imgUrl":"https://s0.dia.es/medias/he2/hf7/8892728213534.jpg"},{"title":"ESSENCE Eye Pencil Longlasting lápiz de ojos  12 I have a Green","price":"1,89 €","pricePerUnit":"(1,89 €/ud.)","imgUrl":"https://s0.dia.es/medias/h74/h9f/8892964175902.jpg"},{"title":"ESSENCE Eyebrow Designer lápiz de cejas 02 Brown","price":"1,89 €","pricePerUnit":"(1,89 €/ud.)","imgUrl":"https://s1.dia.es/medias/h7f/h49/8892445360158.jpg"},{"title":"ESSENCE Eyebrow Set estilismo para cejas 01 Natural Brunette Style","price":"2,99 €","pricePerUnit":"(2,99 €/ud.)","imgUrl":"https://s1.dia.es/medias/he3/hcf/8892283355166.jpg"},{"title":"ESSENCE French Manicure Click & Go uñas postizas 12 uds","price":"3,79 €","pricePerUnit":"(3,79 €/ud.)","imgUrl":"https://s1.dia.es/medias/ha3/h13/8892904865822.jpg"},{"title":"ESSENCE Kajal Pencil lápiz de ojos 01 Black","price":"1,29 €","pricePerUnit":"(1,29 €/ud.)","imgUrl":"https://s2.dia.es/medias/hf4/hd6/8893175332894.jpg"},{"title":"ESSENCE Kajal Pencil lápiz de ojos 15 Behind The Scenes","price":"1,29 €","pricePerUnit":"(1,29 €/ud.)","imgUrl":"https://s2.dia.es/medias/hd6/h1f/8893140467742.jpg"},{"title":"ESSENCE Kajal Pencil lápiz de ojos 21 Feel The Eclipse","price":"1,29 €","pricePerUnit":"(1,29 €/ud.)","imgUrl":"https://s3.dia.es/medias/h9c/h36/8892943007774.jpg"},{"title":"ESSENCE Mattifiying compact powder polvos matificantes  04 Perfect Beige","price":"3,59 €","pricePerUnit":"(3,59 €/ud.)","imgUrl":"https://s2.dia.es/medias/h4d/h68/8892994322462.jpg"},{"title":"ESSENCE máscara de cejas y pestañas transparente","price":"2,49 €","pricePerUnit":"(2,49 €/ud.)","imgUrl":"https://s2.dia.es/medias/h2f/h78/8892725493790.jpg"},{"title":"ESSENCE Nail Art gotas de secado rápido para uñas","price":"2,49 €","pricePerUnit":"(2,49 €/ud.)","imgUrl":"https://s0.dia.es/medias/h75/hfc/8893083582494.jpg"},{"title":"ESSENCE Soft Touch Mousse maquillaje  01 Matt Sand","price":"4,89 €","pricePerUnit":"(4,89 €/ud.)","imgUrl":"https://s0.dia.es/medias/he8/h4f/8892607922206.jpg"},{"title":"ESSENCE Soft Touch Mousse maquillaje  03 Matt Honey","price":"4,89 €","pricePerUnit":"(4,89 €/ud.)","imgUrl":"https://s0.dia.es/medias/hd4/h5b/8892907421726.jpg"},{"title":"ESSENCE Soft Touch Mousse maquillaje  04 Matt Ivory","price":"4,89 €","pricePerUnit":"(4,89 €/ud.)","imgUrl":"https://s3.dia.es/medias/hf5/h0a/8892887466014.jpg"},{"title":"ESSENCE Sun Club Matt Bronzing polvos bronceadores  01 Natural","price":"4,49 €","pricePerUnit":"(4,49 €/ud.)","imgUrl":"https://s2.dia.es/medias/h76/hbe/8892201697310.jpg"},{"title":"MAYBELLINE Base de Maquillaje en Polvo Master Sculpt 1","price":"8,99 €","pricePerUnit":"(8,99 €/ud.)","imgUrl":"https://s0.dia.es/medias/h17/he6/9491726237726.jpg"},{"title":"MAYBELLINE Base de Maquillaje en Polvo Master Sculpt 2","price":"8,99 €","pricePerUnit":"(8,99 €/ud.)","imgUrl":"https://s1.dia.es/medias/h51/hc0/9491661291550.jpg"},{"title":"MAYBELLINE Brow satin Duo lápiz de cejas Dark brown","price":"8,49 €","pricePerUnit":"(8,49 €/ud.)","imgUrl":"https://s3.dia.es/medias/h76/h80/9491635011614.jpg"},{"title":"MAYBELLINE Color Drama barra de labios 110","price":"4,45 €","pricePerUnit":"(4,45 €/ud.)","imgUrl":"https://s3.dia.es/medias/hdf/h0c/9491724271646.jpg"},{"title":"MAYBELLINE Color Drama barra de labios 150","price":"4,45 €","pricePerUnit":"(4,45 €/ud.)","imgUrl":"https://s0.dia.es/medias/hbe/hdd/9491685277726.jpg"},{"title":"MAYBELLINE Color Sensational barra de labios 338","price":"5,99 €","pricePerUnit":"(5,99 €/ud.)","imgUrl":"https://s3.dia.es/medias/h83/he6/9491672170526.jpg"},{"title":"MAYBELLINE Color Sensational barra de labios 345","price":"5,99 €","pricePerUnit":"(5,99 €/ud.)","imgUrl":"https://s1.dia.es/medias/h86/h77/9491685933086.jpg"},{"title":"MAYBELLINE Color Sensational barra de labios 365","price":"5,99 €","pricePerUnit":"(5,99 €/ud.)","imgUrl":"https://s0.dia.es/medias/hd8/h39/9491722960926.jpg"},{"title":"MAYBELLINE Color Sensational barra de labios 530","price":"5,99 €","pricePerUnit":"(5,99 €/ud.)","imgUrl":"https://s1.dia.es/medias/h47/h75/9491636650014.jpg"},{"title":"MAYBELLINE Color Sensational lápiz de labios 547 Pleasure Me Red","price":"5,49 €","pricePerUnit":"(5,49 €/ud.)","imgUrl":"https://s1.dia.es/medias/h00/h06/9491661946910.jpg"},{"title":"MAYBELLINE Color Show 60 Seconds esmalte de uñas 43 Red Apple","price":"2,99 €","pricePerUnit":"(2,99 €/ud.)","imgUrl":"https://s1.dia.es/medias/h63/h83/9491677413406.jpg"},{"title":"MAYBELLINE Colossal Big Shot máscara de pestañas","price":"6,99 €","pricePerUnit":"(6,99 €/ud.)","imgUrl":"https://s0.dia.es/medias/h73/h32/9491642875934.jpg"},{"title":"MAYBELLINE Colossal Kajal 12H lápiz de ojos","price":"6,99 €","pricePerUnit":"(6,99 €/ud.)","imgUrl":"https://s2.dia.es/medias/h50/he0/9491731578910.jpg"},{"title":"MAYBELLINE Dr.Rescue tratamiento de uñas All in One 001","price":"5,75 €","pricePerUnit":"(5,75 €/ud.)","imgUrl":"https://s1.dia.es/medias/h49/h22/9491670859806.jpg"},{"title":"MAYBELLINE Dream Mat Mousse base de maquillaje 30 Sand","price":"7,99 €","pricePerUnit":"(7,99 €/ud.)","imgUrl":"https://s0.dia.es/medias/h61/haf/9491648184350.jpg"},{"title":"MAYBELLINE Dream Mat Mousse base de maquillaje 40 Tawn","price":"7,99 €","pricePerUnit":"(7,99 €/ud.)","imgUrl":"https://s1.dia.es/medias/h97/ha0/8857120636958.jpg"},{"title":"MAYBELLINE El Borrador base de maquillaje 21 Nude","price":"12,99 €","pricePerUnit":"(12,99 €/ud.)","imgUrl":"https://s0.dia.es/medias/h20/h31/9491645825054.jpg"},{"title":"MAYBELLINE El Borrador base de maquillaje 45 Light Honey","price":"12,99 €","pricePerUnit":"(12,99 €/ud.)","imgUrl":"https://s2.dia.es/medias/h6d/hb2/9491720011806.jpg"},{"title":"MAYBELLINE El Borrador base de maquillaje 48 Sun Beige","price":"12,99 €","pricePerUnit":"(12,99 €/ud.)","imgUrl":"https://s0.dia.es/medias/hcc/hf9/9491657687070.jpg"},{"title":"MAYBELLINE Faux Cils Push Up Angel máscara de pestañas","price":"9,99 €","pricePerUnit":"(9,99 €/ud.)","imgUrl":"https://s2.dia.es/medias/h3b/h30/9491641892894.jpg"},{"title":"MAYBELLINE Fit Me Matte Poreless base de maquillaje Nº 120 Classic Ivory","price":"6,99 €","pricePerUnit":"(6,99 €/ud.)","imgUrl":"https://s0.dia.es/medias/h22/h6e/9491694780446.jpg"},{"title":"MAYBELLINE Fit Me Matte Poreless base de maquillaje Nº 128 Warm Nude","price":"6,99 €","pricePerUnit":"(6,99 €/ud.)","imgUrl":"https://s3.dia.es/medias/h52/h2b/9491679379486.jpg"},{"title":"MAYBELLINE Fit Me Matte Poreless base de maquillaje Nº 130 Buff Beige","price":"6,99 €","pricePerUnit":"(6,99 €/ud.)","imgUrl":"https://s1.dia.es/medias/hcc/h7a/9491706249246.jpg"},{"title":"MAYBELLINE Fit Me Matte Poreless base de maquillaje Nº 220 Natural Beige","price":"6,99 €","pricePerUnit":"(6,99 €/ud.)","imgUrl":"https://s3.dia.es/medias/h2c/h36/9491706904606.jpg"},{"title":"MAYBELLINE Fit Me Matte Poreless base de maquillaje Nº 250 Sun Beige","price":"6,99 €","pricePerUnit":"(6,99 €/ud.)","imgUrl":"https://s0.dia.es/medias/h4c/hb4/9491654737950.jpg"},{"title":"MAYBELLINE Gel Liner Black 33 lápiz de ojos","price":"9,99 €","pricePerUnit":"(9,99 €/ud.)","imgUrl":"https://s0.dia.es/medias/h2e/h96/9491712475166.jpg"},{"title":"MAYBELLINE Lash Sensational Intense Black máscara de pestañas","price":"9,99 €","pricePerUnit":"(9,99 €/ud.)","imgUrl":"https://s1.dia.es/medias/h68/h71/9491715096606.jpg"},{"title":"MAYBELLINE Lash Sensational máscara de pestañas","price":"9,89 €","pricePerUnit":"(9,89 €/ud.)","imgUrl":"https://s3.dia.es/medias/hfa/h82/9491686588446.jpg"},{"title":"MAYBELLINE Lasting Sensational Waterproof máscara de pestañas","price":"9,90 €","pricePerUnit":"(9,90 €/ud.)","imgUrl":"https://s0.dia.es/medias/hca/h27/9491634356254.jpg"},{"title":"MAYBELLINE Master Contour Stick contouring 2 en 1  02 Dark","price":"9,99 €","pricePerUnit":"(9,99 €/ud.)","imgUrl":"https://s1.dia.es/medias/he8/hda/9491727876126.jpg"},{"title":"MAYBELLINE Master Contour Stick contouring 2 en 1  02 Medium","price":"9,99 €","pricePerUnit":"(9,99 €/ud.)","imgUrl":"https://s3.dia.es/medias/h5d/h78/9491701989406.jpg"},{"title":"MAYBELLINE Master Ink lápiz de ojos 10 Charcoal Black Matte","price":"7,99 €","pricePerUnit":"(7,99 €/ud.)","imgUrl":"https://s3.dia.es/medias/h14/h20/9491698384926.jpg"},{"title":"MAYBELLINE Master Strobing stick iluminador  100 Light","price":"8,99 €","pricePerUnit":"(8,99 €/ud.)","imgUrl":"https://s2.dia.es/medias/ha8/h84/9491637305374.jpg"},{"title":"MAYBELLINE Masterprecise Curvy lápiz de ojos","price":"7,99 €","pricePerUnit":"(7,99 €/ud.)","imgUrl":"https://s2.dia.es/medias/hb4/hf7/9491659653150.jpg"},{"title":"MAYBELLINE Matte Ink SuperStay barra de labios  45 Escapist","price":"8,99 €","pricePerUnit":"(8,99 €/ud.)","imgUrl":"https://s1.dia.es/medias/h1c/h99/9491731972126.jpg"},{"title":"MAYBELLINE Matte Ink SuperStay barra de labios  5 Loyalist","price":"8,99 €","pricePerUnit":"(8,99 €/ud.)","imgUrl":"https://s3.dia.es/medias/h40/h3e/9491671187486.jpg"},{"title":"MAYBELLINE Matte Ink SuperStay barra de labios  50 Voyager","price":"8,99 €","pricePerUnit":"(8,99 €/ud.)","imgUrl":"https://s3.dia.es/medias/h68/hd0/9491668238366.jpg"},{"title":"MAYBELLINE Push Up Drama máscara de pestañas","price":"9,99 €","pricePerUnit":"(9,99 €/ud.)","imgUrl":"https://s0.dia.es/medias/h5d/h29/9491716735006.jpg"},{"title":"MAYBELLINE Superstay 24H barra de labios 185","price":"10,99 €","pricePerUnit":"(10,99 €/ud.)","imgUrl":"https://s0.dia.es/medias/h4e/hee/9491651133470.jpg"},{"title":"MAYBELLINE Superstay 24H barra de labios 250","price":"10,99 €","pricePerUnit":"(10,99 €/ud.)","imgUrl":"https://s0.dia.es/medias/h42/h93/9491637960734.jpg"},{"title":"MAYBELLINE Superstay 24H barra de labios 510","price":"10,99 €","pricePerUnit":"(10,99 €/ud.)","imgUrl":"https://s3.dia.es/medias/h35/hda/9491686916126.jpg"},{"title":"MAYBELLINE Superstay 24H barra de labios 542","price":"10,99 €","pricePerUnit":"(10,99 €/ud.)","imgUrl":"https://s3.dia.es/medias/h9d/h73/9492071088158.jpg"},{"title":"MAYBELLINE Superstay 24H barra de labios 640","price":"10,99 €","pricePerUnit":"(10,99 €/ud.)","imgUrl":"https://s3.dia.es/medias/h77/h8b/9491700678686.jpg"},{"title":"MAYBELLINE Superstay 24H barra de labios 760","price":"10,99 €","pricePerUnit":"(10,99 €/ud.)","imgUrl":"https://s1.dia.es/medias/hbe/h8b/9491673481246.jpg"},{"title":"MAYBELLINE Superstay 24H polvos compactos matificantes 30 Sand","price":"8,99 €","pricePerUnit":"(8,99 €/ud.)","imgUrl":"https://s3.dia.es/medias/h51/h8d/9491710836766.jpg"},{"title":"MAYBELLINE Superstay 24H polvos compactos matificantes 40 Fawn","price":"8,99 €","pricePerUnit":"(8,99 €/ud.)","imgUrl":"https://s0.dia.es/medias/hf6/h15/9491662274590.jpg"},{"title":"MAYBELLINE SuperStay 3D Gel Effect Top Coat esmalte de uñas","price":"6,99 €","pricePerUnit":"(6,99 €/ud.)","imgUrl":"https://s2.dia.es/medias/h85/h87/9108933738526.jpg"},{"title":"MAYBELLINE The Blushed Nudes Palette sombra de ojos","price":"12,99 €","pricePerUnit":"(12,99 €/ud.)","imgUrl":"https://s2.dia.es/medias/hcc/hd9/9491677085726.jpg"},{"title":"MAYBELLINE The Nudes Palette sombra de ojos","price":"12,99 €","pricePerUnit":"(12,99 €/ud.)","imgUrl":"https://s3.dia.es/medias/h9a/h2e/9491703955486.jpg"}]},"quitaesmalte-y-accesorios":{"categoryUrl":"/compra-online/productos/perfumeria-e-higiene/cosmetica/quitaesmalte-y-accesorios/c/WEB.010.079.00681","products":[{"title":"BABARIA quitaesmalte con agentes hidratantes bote 200 ml","price":"1,59 €","pricePerUnit":"(7,95 €/l.)","imgUrl":"https://s2.dia.es/medias/h50/h6a/9129794240542.jpg"},{"title":"BETER alicate de manicura 1 ud","price":"10,15 €","pricePerUnit":"(10,15 €/ud.)","imgUrl":"https://s0.dia.es/medias/h04/h91/9076982710302.jpg"},{"title":"BETER brocha para colorete 1 ud","price":"6,99 €","pricePerUnit":"(6,99 €/ud.)","imgUrl":"https://s0.dia.es/medias/h90/hc7/9077896904734.jpg"},{"title":"BETER brocha para polvos 1 ud","price":"5,99 €","pricePerUnit":"(5,99 €/ud.)","imgUrl":"https://s1.dia.es/medias/haa/h72/9077812822046.jpg"},{"title":"BETER esponja de maquillaje con funda","price":"2,99 €","pricePerUnit":"(2,99 €/ud.)","imgUrl":"https://s1.dia.es/medias/h3a/h8a/9077005713438.jpg"},{"title":"BETER esponja de maquillaje partible 1 ud","price":"2,79 €","pricePerUnit":"(2,79 €/ud.)","imgUrl":"https://s3.dia.es/medias/ha8/hac/9077834317854.jpg"},{"title":"BETER pincel difuminador 1 ud","price":"4,39 €","pricePerUnit":"(4,39 €/ud.)","imgUrl":"https://s3.dia.es/medias/hb8/h58/9077818458142.jpg"},{"title":"BETER pinza para depilar punta oblicua 1 ud (diferentes colores)","price":"4,10 €","pricePerUnit":"(4,10 €/ud.)","imgUrl":"https://s1.dia.es/medias/hfc/ha4/9252414291998.jpg"},{"title":"BETER pinza para depilar punta recta 1 ud","price":"3,49 €","pricePerUnit":"(3,49 €/ud.)","imgUrl":"https://s2.dia.es/medias/h94/h5f/9077920038942.jpg"},{"title":"BETER rizador de pestañas 1 ud","price":"3,99 €","pricePerUnit":"(3,99 €/ud.)","imgUrl":"https://s0.dia.es/medias/hc0/hd5/9077895921694.jpg"},{"title":"BETER tijera de manicura 1 ud","price":"6,80 €","pricePerUnit":"(6,80 €/ud.)","imgUrl":"https://s3.dia.es/medias/h00/h58/9077010038814.jpg"},{"title":"BONTE discos quitaesmalte bote 30 uds","price":"1,89 €","pricePerUnit":"(0,06 €/ud.)","imgUrl":"https://s2.dia.es/medias/hd1/h4d/9126989299742.jpg"},{"title":"BONTE quitaesmalte acetona pura bote 200 ml","price":"1,50 €","pricePerUnit":"(7,50 €/l.)","imgUrl":"https://s1.dia.es/medias/h80/hdf/9198709276702.jpg"},{"title":"BONTE quitaesmalte botella 250 ml","price":"1,30 €","pricePerUnit":"(5,20 €/l.)","imgUrl":"https://s2.dia.es/medias/hd4/h80/9125400281118.jpg"},{"title":"BONTE quitaesmalte express sin alcohol 0% acetona bote 75 ml","price":"2,19 €","pricePerUnit":"(29,20 €/l.)","imgUrl":"https://s0.dia.es/medias/h07/h60/8969150955550.jpg"},{"title":"BONTE quitaesmalte sin acetona botella 250 ml","price":"1,50 €","pricePerUnit":"(6,00 €/l.)","imgUrl":"https://s3.dia.es/medias/h5b/hb4/9015850303518.jpg"},{"title":"BONTE quitaesmalte sin acetona dosificador 200 ml","price":"1,85 €","pricePerUnit":"(9,25 €/l.)","imgUrl":"https://s1.dia.es/medias/h48/hb9/8955006779422.png"},{"title":"CUTEX quitaesmalte hidratante botella 200 ml","price":"3,25 €","pricePerUnit":"(16,25 €/l.)","imgUrl":"https://s3.dia.es/medias/h6c/hea/9347555000350.jpg"},{"title":"MAVALA base barrera de manicura para uñas 10 ml","price":"20,90 €","pricePerUnit":"(2 090,00 €/l.)","imgUrl":"https://s0.dia.es/medias/h2a/h5c/9130889904158.jpg"}]}},"cuidado-del-cabello":{"name":"Cuidadodelcabello","productTypes":["champu","acondicionador-y-suavizante","mascarillas-cabello","laca-espuma-y-fijadores","tintes-y-coloracion","accesorios-cabello"],"champu":{"categoryUrl":"/compra-online/productos/perfumeria-e-higiene/cuidado-del-cabello/champu/c/WEB.010.092.00584","products":[{"title":"BONTE champú 5 plantas revitalizante bote 250 ml","price":"1,89 €","pricePerUnit":"(7,56 €/l.)","imgUrl":"https://s0.dia.es/medias/hbc/h54/9241375440926.jpg"},{"title":"BONTE champú anticaspa 2 en 1 todo tipo de cabellos bote 500 ml","price":"1,95 €","pricePerUnit":"(3,90 €/l.)","imgUrl":"https://s3.dia.es/medias/hb2/hc6/8962779906078.jpg"},{"title":"BONTE champú anticaspa citric cabello graso bote 500 ml","price":"2,24 €","pricePerUnit":"(4,48 €/l.)","imgUrl":"https://s2.dia.es/medias/hab/h1d/8958555586590.png"},{"title":"BONTE champú anticaspa classic cabello normal bote 500 ml","price":"1,99 €","pricePerUnit":"(3,98 €/l.)","imgUrl":"https://s1.dia.es/medias/h20/h4c/9104450322462.jpg"},{"title":"BONTE champú anticaspa menthol cabello normal bote 500 ml","price":"1,95 €","pricePerUnit":"(3,90 €/l.)","imgUrl":"https://s2.dia.es/medias/h7f/h2e/8958582390814.png"},{"title":"BONTE champú anticaspa para hombre botella 400 ml","price":"1,59 €","pricePerUnit":"(3,98 €/l.)","imgUrl":"https://s0.dia.es/medias/h0c/h04/9252420517918.jpg"},{"title":"BONTE champú antiedad bote 400 ml","price":"1,96 €","pricePerUnit":"(4,90 €/l.)","imgUrl":"https://s1.dia.es/medias/h4b/h83/8868007739422.png"},{"title":"BONTE champú antipiojos botella 200 ml","price":"2,25 €","pricePerUnit":"(11,25 €/l.)","imgUrl":"https://s3.dia.es/medias/h9e/h69/8860490596382.png"},{"title":"BONTE champú arcilla y té verde cabello graso bote 250 ml","price":"1,85 €","pricePerUnit":"(7,40 €/l.)","imgUrl":"https://s1.dia.es/medias/hb7/h8b/9007407955998.jpg"},{"title":"BONTE champú arroz y avena delicado bote 250 ml","price":"1,89 €","pricePerUnit":"(7,56 €/l.)","imgUrl":"https://s0.dia.es/medias/he6/h07/9252408262686.jpg"},{"title":"BONTE champú atopic para cuero cabelludo sensible bote 300 ml","price":"2,75 €","pricePerUnit":"(9,17 €/l.)","imgUrl":"https://s1.dia.es/medias/h4d/h4f/9252419207198.jpg"},{"title":"BONTE champú brillo bote 400 ml","price":"1,96 €","pricePerUnit":"(4,90 €/l.)","imgUrl":"https://s1.dia.es/medias/hab/hf0/8868008329246.png"},{"title":"BONTE champú cabello graso dosificador 750 ml","price":"1,99 €","pricePerUnit":"(2,65 €/l.)","imgUrl":"https://s3.dia.es/medias/h78/h9c/9158127353886.jpg"},{"title":"BONTE champú cabello normal dosificador 750 ml","price":"1,99 €","pricePerUnit":"(2,65 €/l.)","imgUrl":"https://s3.dia.es/medias/h2e/h91/9158092029982.jpg"},{"title":"BONTE champú cabello seco dosificador 750 ml","price":"1,99 €","pricePerUnit":"(2,65 €/l.)","imgUrl":"https://s0.dia.es/medias/h70/hcb/9158090391582.jpg"},{"title":"BONTE champú cabellos grises y blancos brillo y suavidad bote 300 ml","price":"1,73 €","pricePerUnit":"(5,77 €/l.)","imgUrl":"https://s1.dia.es/medias/hcb/h27/8860482207774.png"},{"title":"BONTE champú color protect cabellos teñidos bote 400 ml","price":"1,58 €","pricePerUnit":"(3,95 €/l.)","imgUrl":"https://s0.dia.es/medias/h81/h1b/8961341456414.jpg"},{"title":"BONTE champú cuidado clásico bote 400 ml","price":"1,58 €","pricePerUnit":"(3,95 €/l.)","imgUrl":"https://s3.dia.es/medias/h1d/h14/8961268908062.jpg"},{"title":"BONTE champú familiar cabello normal botella 1 L","price":"0,99 €","pricePerUnit":"(0,99 €/l.)","imgUrl":"https://s0.dia.es/medias/h71/hc6/8958701535262.png"},{"title":"BONTE champú formato viaje para todo tipo de cabellos  botella 100 ml","price":"1,00 €","pricePerUnit":"(10,00 €/l.)","imgUrl":"https://s2.dia.es/medias/h9b/h71/8860594536478.png"},{"title":"BONTE champú fortificante anticaída para hombre bote 400 ml","price":"1,59 €","pricePerUnit":"(3,98 €/l.)","imgUrl":"https://s1.dia.es/medias/h1c/h4c/9357360988190.jpg"},{"title":"BONTE champú fortificante con provitamina b5 bote 400 ml","price":"1,96 €","pricePerUnit":"(4,90 €/l.)","imgUrl":"https://s0.dia.es/medias/he6/h13/8868001841182.png"},{"title":"BONTE champú keratina y aceite argán cabellos secos/dañados botella 400 ml","price":"1,96 €","pricePerUnit":"(4,90 €/l.)","imgUrl":"https://s2.dia.es/medias/h56/h83/9052657188894.jpg"},{"title":"BONTE champú liso y suave cabello rebelde frasco 400 ml","price":"1,58 €","pricePerUnit":"(3,95 €/l.)","imgUrl":"https://s0.dia.es/medias/h33/h6f/9052630974494.jpg"},{"title":"BONTE champú miel cabello dañado bote 250 ml","price":"1,85 €","pricePerUnit":"(7,40 €/l.)","imgUrl":"https://s2.dia.es/medias/he2/hcb/9007474343966.jpg"},{"title":"BONTE champú oliva cabello muy seco bote 250 ml","price":"1,85 €","pricePerUnit":"(7,40 €/l.)","imgUrl":"https://s3.dia.es/medias/h30/haa/9007458418718.jpg"},{"title":"BONTE champú purificante cabello graso bote 400 ml","price":"1,58 €","pricePerUnit":"(3,95 €/l.)","imgUrl":"https://s3.dia.es/medias/hd1/h41/8868006690846.png"},{"title":"BONTE champú repair&protect cabellos frágiles/quebradizos bote 400 ml","price":"1,58 €","pricePerUnit":"(3,95 €/l.)","imgUrl":"https://s1.dia.es/medias/hfd/h39/8961192820766.jpg"},{"title":"BONTE champú rizos perfectos cabello rizado botella 400 ml","price":"1,58 €","pricePerUnit":"(3,95 €/l.)","imgUrl":"https://s3.dia.es/medias/h9f/haf/9052465463326.jpg"},{"title":"BONTE champú volumen total cabellos finos bote 400 ml","price":"1,58 €","pricePerUnit":"(3,95 €/l.)","imgUrl":"https://s2.dia.es/medias/h55/hcd/9052568813598.jpg"},{"title":"BONTE loción antipiojos bote 200 ml","price":"2,50 €","pricePerUnit":"(12,50 €/l.)","imgUrl":"https://s0.dia.es/medias/hdc/he4/8860431876126.png"},{"title":"ELVIVE champú aceite extraordinario cabello seco bote 370 ml","price":"3,85 €","pricePerUnit":"(10,41 €/l.)","imgUrl":"https://s3.dia.es/medias/hd4/h56/9650298748958.jpg"},{"title":"ELVIVE champú anticaspa phytoclear sensitive bote 370 ml","price":"3,99 €","pricePerUnit":"(10,78 €/l.)","imgUrl":"https://s0.dia.es/medias/h20/hab/9650301861918.jpg"},{"title":"ELVIVE champú arcilla extraordinaria cabello normal bote 370 ml","price":"3,85 €","pricePerUnit":"(10,41 €/l.)","imgUrl":"https://s2.dia.es/medias/hcc/h63/9650304155678.jpg"},{"title":"ELVIVE champú arcilla extraordinaria cabello normal bote 700 ml","price":"6,19 €","pricePerUnit":"(8,84 €/l.)","imgUrl":"https://s0.dia.es/medias/hd7/h9d/9650331811870.jpg"},{"title":"ELVIVE champú arginina revitalizante bote 370 ml","price":"3,85 €","pricePerUnit":"(10,41 €/l.)","imgUrl":"https://s2.dia.es/medias/h2f/ha0/9650273878046.jpg"},{"title":"ELVIVE champú arginina revitalizante bote 700 ml","price":"6,19 €","pricePerUnit":"(8,84 €/l.)","imgUrl":"https://s0.dia.es/medias/hbf/h5b/9650308415518.jpg"},{"title":"ELVIVE champú fibralogy bote 370 ml","price":"3,85 €","pricePerUnit":"(10,41 €/l.)","imgUrl":"https://s1.dia.es/medias/h85/hf3/9650296127518.jpg"},{"title":"ELVIVE champú Nutri-gloss brillo cabello largo apagado bote 370 ml","price":"3,85 €","pricePerUnit":"(10,41 €/l.)","imgUrl":"https://s1.dia.es/medias/h9c/hac/9650300878878.jpg"},{"title":"ELVIVE champú protector del color cabello teñido bote 370 ml","price":"3,85 €","pricePerUnit":"(10,41 €/l.)","imgUrl":"https://s0.dia.es/medias/hbe/h8e/9650293178398.jpg"},{"title":"ELVIVE champú protector del color cabello teñido bote 700 ml","price":"6,19 €","pricePerUnit":"(8,84 €/l.)","imgUrl":"https://s0.dia.es/medias/h59/h09/9650281709598.jpg"},{"title":"ELVIVE champú total repair 5 cabello dañado bote 370 ml","price":"3,85 €","pricePerUnit":"(10,41 €/l.)","imgUrl":"https://s2.dia.es/medias/ha0/h38/9650268733470.jpg"},{"title":"ELVIVE champú total repair 5 cabello dañado bote 700 ml","price":"6,19 €","pricePerUnit":"(8,84 €/l.)","imgUrl":"https://s0.dia.es/medias/h62/h5e/9650282692638.jpg"},{"title":"ELVIVE crema de lavado sin espuma cabellos rizados dosificador 400 ml","price":"6,19 €","pricePerUnit":"(15,48 €/l.)","imgUrl":"https://s0.dia.es/medias/hcc/h70/9650317295646.jpg"},{"title":"ELVIVE crema de lavado sin espuma cabellos secos dosificador 400 ml","price":"6,19 €","pricePerUnit":"(15,48 €/l.)","imgUrl":"https://s1.dia.es/medias/h55/h79/9650261819422.jpg"},{"title":"ELVIVE crema de lavado sin espuma cabellos teñidos dosificador 400 ml","price":"6,19 €","pricePerUnit":"(15,48 €/l.)","imgUrl":"https://s3.dia.es/medias/h7c/h6f/9650298093598.jpg"},{"title":"ELVIVE Nutri-gloss luminizer champú alto brillo bote 370 ml","price":"3,85 €","pricePerUnit":"(10,41 €/l.)","imgUrl":"https://s3.dia.es/medias/h9d/h58/9650305794078.jpg"},{"title":"FLEX champú anticaspa con keratina todo tipo de cabellos bote 650 ml","price":"2,95 €","pricePerUnit":"(4,54 €/l.)","imgUrl":"https://s1.dia.es/medias/h86/h2d/8966220087326.jpg"},{"title":"FLEX champú con Keratina fortificante frasco 650 ml","price":"2,95 €","pricePerUnit":"(4,54 €/l.)","imgUrl":"https://s3.dia.es/medias/h8f/he6/8966800637982.jpg"},{"title":"FLEX champú con Keratina para cabello normal frasco 650 ml","price":"2,95 €","pricePerUnit":"(4,54 €/l.)","imgUrl":"https://s2.dia.es/medias/h88/h20/8966807191582.jpg"},{"title":"FLEX champú con keratina volumen cabellos finos bote 650 ml","price":"2,95 €","pricePerUnit":"(4,54 €/l.)","imgUrl":"https://s2.dia.es/medias/h32/h9a/8895417909278.png"},{"title":"FLEX champú nutritivo bote 650 ml","price":"2,95 €","pricePerUnit":"(4,54 €/l.)","imgUrl":"https://s0.dia.es/medias/h65/hc9/8898661285918.png"},{"title":"FLEX champú reparación cabellos dañados bote 650 ml","price":"2,95 €","pricePerUnit":"(4,54 €/l.)","imgUrl":"https://s3.dia.es/medias/h19/hfc/8895262654494.png"},{"title":"FLOID champú cabellos blancos hombres bote 250 ml","price":"4,09 €","pricePerUnit":"(16,36 €/l.)","imgUrl":"https://s2.dia.es/medias/hb2/h82/9052647882782.jpg"},{"title":"FORBALD champú anticaída bote 250 ml","price":"13,95 €","pricePerUnit":"(55,80 €/l.)","imgUrl":"https://s1.dia.es/medias/hc7/h03/9104435118110.jpg"},{"title":"FRIZZ EASE champú cabello rizo tubo 250 ml","price":"5,99 €","pricePerUnit":"(23,96 €/l.)","imgUrl":"https://s2.dia.es/medias/h9f/hbb/9546628988958.jpg"},{"title":"FRIZZ EASE champú liso perfecto con queratina tubo 250 ml","price":"5,99 €","pricePerUnit":"(23,96 €/l.)","imgUrl":"https://s1.dia.es/medias/h50/h67/9546637180958.jpg"},{"title":"FRUCTIS champú adios daños repara y fortifica bote 360 ml","price":"3,79 €","pricePerUnit":"(10,53 €/l.)","imgUrl":"https://s1.dia.es/medias/hce/h65/9650259689502.jpg"},{"title":"FRUCTIS champú anticaspa bote 700 ml","price":"5,79 €","pricePerUnit":"(7,99 €/l.)","imgUrl":"https://s1.dia.es/medias/h32/h45/9650287280158.jpg"},{"title":"FRUCTIS Champú Anticaspa frasco 360ml","price":"3,79 €","pricePerUnit":"(10,53 €/l.)","imgUrl":"https://s1.dia.es/medias/ha7/hae/9650284658718.jpg"},{"title":"FRUCTIS Champú Crece Fuerte frasco 360ml","price":"3,79 €","pricePerUnit":"(10,53 €/l.)","imgUrl":"https://s0.dia.es/medias/h4b/hf7/9650302517278.jpg"},{"title":"FRUCTIS champú fuerza & brillo cabello normal bote 360 ml","price":"3,79 €","pricePerUnit":"(10,53 €/l.)","imgUrl":"https://s1.dia.es/medias/hd7/ha1/9650294489118.jpg"},{"title":"FRUCTIS champú fuerza & brillo cabello normal bote 700 ml","price":"5,75 €","pricePerUnit":"(8,21 €/l.)","imgUrl":"https://s0.dia.es/medias/h1e/hba/9650270699550.jpg"},{"title":"FRUCTIS champú hidra rizos cabello rizo u ondulado bote 360 ml","price":"3,79 €","pricePerUnit":"(10,53 €/l.)","imgUrl":"https://s0.dia.es/medias/h2a/h00/9650303827998.jpg"},{"title":"FRUCTIS champú hidra rizos fortificante cabello rizo u ondulado bote 700 ml","price":"5,79 €","pricePerUnit":"(7,99 €/l.)","imgUrl":"https://s3.dia.es/medias/h9b/heb/9650296455198.jpg"},{"title":"FRUCTIS Champú Hidraliso de frasco 360ml","price":"3,79 €","pricePerUnit":"(10,53 €/l.)","imgUrl":"https://s2.dia.es/medias/hd5/hde/9650259361822.jpg"},{"title":"FRUCTIS champú melena abundante bote 360 ml","price":"3,79 €","pricePerUnit":"(10,53 €/l.)","imgUrl":"https://s0.dia.es/medias/h55/h5d/9650272010270.jpg"},{"title":"FRUCTIS champú nutri repair 3 butter cabello muy seco bote 360 ml","price":"3,99 €","pricePerUnit":"(11,08 €/l.)","imgUrl":"https://s0.dia.es/medias/h69/ha3/9650280005662.jpg"},{"title":"FRUCTIS champú nutri repair 3 cabello seco tarro 360 ml","price":"3,99 €","pricePerUnit":"(11,08 €/l.)","imgUrl":"https://s1.dia.es/medias/h7a/hb0/9650273157150.jpg"},{"title":"FRUCTIS champú pure fresh agua de coco fortificante bote 360 ml","price":"3,99 €","pricePerUnit":"(11,08 €/l.)","imgUrl":"https://s1.dia.es/medias/h57/h22/9650310447134.jpg"},{"title":"FRUCTIS champú pure fresh pepino purificante bote 360 ml","price":"3,79 €","pricePerUnit":"(10,53 €/l.)","imgUrl":"https://s1.dia.es/medias/h1e/h4a/9650293833758.jpg"},{"title":"FULL REPAIR champú reparación y cuerpo cabello seco/dañado tubo 250 ml","price":"5,99 €","pricePerUnit":"(23,96 €/l.)","imgUrl":"https://s0.dia.es/medias/h31/ha0/8946580750366.png"},{"title":"GENIOL argán nutre y reestructura la fibra capilar bote 750 ml","price":"2,75 €","pricePerUnit":"(3,67 €/l.)","imgUrl":"https://s1.dia.es/medias/hcb/hdc/9052582543390.jpg"},{"title":"GENIOL champú fresa hidratante bote 750 ml","price":"2,75 €","pricePerUnit":"(3,67 €/l.)","imgUrl":"https://s3.dia.es/medias/h1c/he7/9052576120862.jpg"},{"title":"GENIOL champú huevo suavidad y brillo bote 750 ml","price":"2,75 €","pricePerUnit":"(3,67 €/l.)","imgUrl":"https://s3.dia.es/medias/hba/h46/9052441411614.jpg"},{"title":"GENIOL champú manzana verde fuerza y vitalidad bote 750 ml","price":"2,75 €","pricePerUnit":"(3,67 €/l.)","imgUrl":"https://s1.dia.es/medias/h46/hc8/9052461793310.jpg"},{"title":"GLISS champú fiber therapy bote 400 ml","price":"3,95 €","pricePerUnit":"(9,88 €/l.)","imgUrl":"https://s0.dia.es/medias/hf0/h54/9432624398366.jpg"},{"title":"GLISS champú seco cabellos grasos spray 200 ml","price":"4,25 €","pricePerUnit":"(21,25 €/l.)","imgUrl":"https://s1.dia.es/medias/h54/hf1/9577505226782.jpg"},{"title":"GLISS champú ultimate oil elixir frasco 250 ml","price":"2,75 €","pricePerUnit":"(11,00 €/l.)","imgUrl":"https://s2.dia.es/medias/h38/hc6/9577484058654.jpg"},{"title":"HERBAL Essences champú aceite de argán de marruecos bio bote 400 ml","price":"4,99 €","pricePerUnit":"(12,48 €/l.)","imgUrl":"https://s2.dia.es/medias/hc2/h11/9298873221150.jpg"},{"title":"HERBAL ESSENCES champú detox frambuesa dorada y menta bote 400 ml","price":"2,99 €","pricePerUnit":"(7,48 €/l.)","imgUrl":"https://s3.dia.es/medias/h11/h7f/9298867322910.jpg"},{"title":"HERBAL Essences champú detox volumen naranja y menta bote 400 ml","price":"2,99 €","pricePerUnit":"(7,48 €/l.)","imgUrl":"https://s0.dia.es/medias/hfc/h5f/9503705366558.jpg"},{"title":"HERBAL Essences champú hidratante leche de coco bio bote 400 ml","price":"4,99 €","pricePerUnit":"(12,48 €/l.)","imgUrl":"https://s1.dia.es/medias/hfa/h75/9298866995230.jpg"},{"title":"HERBAL Essences champú purificante fresa blanca y menta bio bote 400 ml","price":"4,99 €","pricePerUnit":"(12,48 €/l.)","imgUrl":"https://s3.dia.es/medias/he0/h8d/9298860441630.jpg"},{"title":"HERBAL Essences champú volumen pomelo y menta bio bote 400 ml","price":"4,99 €","pricePerUnit":"(12,48 €/l.)","imgUrl":"https://s1.dia.es/medias/hca/he7/9298872565790.jpg"},{"title":"HERBAL Essences nude champú brillo bote 400 ml","price":"2,99 €","pricePerUnit":"(7,48 €/l.)","imgUrl":"https://s0.dia.es/medias/h3f/ha4/9296114712606.jpg"},{"title":"HERBAL Professional care champú color protect cabello teñido bote 750 ml","price":"4,45 €","pricePerUnit":"(5,93 €/l.)","imgUrl":"https://s2.dia.es/medias/h1a/hf0/8946594512926.png"},{"title":"HERBAL Professional care champú cosa de rizos cabello rizos/ondulado bote 750 ml","price":"4,45 €","pricePerUnit":"(5,93 €/l.)","imgUrl":"https://s2.dia.es/medias/hf7/h17/8858361856030.png"},{"title":"HERBAL Professional care champú nutri lisse antiencrespamiento bote 750 ml","price":"4,45 €","pricePerUnit":"(5,93 €/l.)","imgUrl":"https://s3.dia.es/medias/hb8/hda/8946227707934.png"},{"title":"HERBAL Professional care champú sos total repair con aceite de jojoba bote 750 ml","price":"4,45 €","pricePerUnit":"(5,93 €/l.)","imgUrl":"https://s1.dia.es/medias/hcc/hf3/9125454708766.jpg"},{"title":"HERBAL Professional treatment champú anticaída bote 500 ml","price":"4,45 €","pricePerUnit":"(8,90 €/l.)","imgUrl":"https://s1.dia.es/medias/hc7/h5a/9080296439838.jpg"},{"title":"HERBAL Professional treatment champú purificante bote 500 ml","price":"4,45 €","pricePerUnit":"(8,90 €/l.)","imgUrl":"https://s3.dia.es/medias/he0/hc3/9080218943518.jpg"},{"title":"HS champú anticaspa apple fresh bote 360 ml","price":"3,99 €","pricePerUnit":"(11,08 €/l.)","imgUrl":"https://s3.dia.es/medias/he0/h96/9549303611422.jpg"},{"title":"HS champú anticaspa citrus fresh cabello graso bote 360 ml","price":"3,99 €","pricePerUnit":"(11,08 €/l.)","imgUrl":"https://s1.dia.es/medias/hdc/hae/9549338083358.jpg"},{"title":"HS champú anticaspa citrus fresh cabello graso formato viaje bote 90 ml","price":"1,50 €","pricePerUnit":"(16,67 €/l.)","imgUrl":"https://s2.dia.es/medias/hc5/h59/9525622636574.jpg"},{"title":"HS champú anticaspa clásico 2 en 1 cabello normal bote 360 ml","price":"3,99 €","pricePerUnit":"(11,08 €/l.)","imgUrl":"https://s1.dia.es/medias/hfb/h90/9549124370462.jpg"},{"title":"HS champú anticaspa clásico 2 en 1 cabello normal bote 540 ml","price":"5,95 €","pricePerUnit":"(11,02 €/l.)","imgUrl":"https://s3.dia.es/medias/hcf/h21/9015887724574.jpg"},{"title":"HS champú anticaspa clásico cabello normal bote 360 ml","price":"3,99 €","pricePerUnit":"(11,08 €/l.)","imgUrl":"https://s2.dia.es/medias/hb7/hfc/9549196328990.jpg"},{"title":"HS champú anticaspa clásico cabello normal formato viaje bote 90 ml","price":"1,50 €","pricePerUnit":"(16,67 €/l.)","imgUrl":"https://s2.dia.es/medias/h5d/hd5/9081969049630.jpg"},{"title":"HS champú anticaspa mentol efecto refrescante bote 360 ml","price":"3,99 €","pricePerUnit":"(11,08 €/l.)","imgUrl":"https://s0.dia.es/medias/h65/h67/9549124829214.jpg"}]},"acondicionador-y-suavizante":{"categoryUrl":"/compra-online/productos/perfumeria-e-higiene/cuidado-del-cabello/acondicionador-y-suavizante/c/WEB.010.092.00583","products":[{"title":"AGRADO acondicionador keratina para cabellos encrespados bote 750 ml","price":"2,45 €","pricePerUnit":"(3,27 €/l.)","imgUrl":"https://s0.dia.es/medias/hf6/hfa/8946573082654.png"},{"title":"AGRADO acondicionador para cabellos frágiles o sensibles bote 750 ml","price":"2,45 €","pricePerUnit":"(3,27 €/l.)","imgUrl":"https://s0.dia.es/medias/h7a/h7b/8856565448734.png"},{"title":"AUSSIE acondicionador miracle hidratation cabellos secos bote 250 ml","price":"5,99 €","pricePerUnit":"(23,96 €/l.)","imgUrl":"https://s2.dia.es/medias/h0d/h51/9191679459358.jpg"},{"title":"AUSSIE acondicionador miracle ligero bote 250 ml","price":"5,99 €","pricePerUnit":"(23,96 €/l.)","imgUrl":"https://s0.dia.es/medias/h0e/hef/9191475347486.jpg"},{"title":"AUSSIE acondicionador miracle repara e hidrata bote 250 ml","price":"5,99 €","pricePerUnit":"(23,96 €/l.)","imgUrl":"https://s1.dia.es/medias/h5c/h83/9191486717982.jpg"},{"title":"AUSSIE acondicionador original bote 250 ml","price":"5,99 €","pricePerUnit":"(23,96 €/l.)","imgUrl":"https://s1.dia.es/medias/hf2/hea/9191430422558.jpg"},{"title":"AUSSIE mascarilla miracle hidratación tratamiento intensivo bote 250 ml","price":"6,99 €","pricePerUnit":"(27,96 €/l.)","imgUrl":"https://s0.dia.es/medias/h54/h7a/9191448412190.jpg"},{"title":"BONTE acondicionador bifásico sin aclarado bote 400 ml","price":"2,44 €","pricePerUnit":"(6,10 €/l.)","imgUrl":"https://s0.dia.es/medias/hfe/h90/9025553563678.jpg"},{"title":"BONTE acondicionador color protect cabellos teñidos botella 300 ml","price":"1,48 €","pricePerUnit":"(4,93 €/l.)","imgUrl":"https://s3.dia.es/medias/h24/h60/8856461049886.png"},{"title":"BONTE acondicionador cuidado clásico botella 300 ml","price":"1,48 €","pricePerUnit":"(4,93 €/l.)","imgUrl":"https://s1.dia.es/medias/h73/h03/8856574885918.png"},{"title":"BONTE acondicionador familiar botella 1 lt","price":"0,99 €","pricePerUnit":"(0,99 €/l.)","imgUrl":"https://s2.dia.es/medias/h20/hb2/8957734912030.png"},{"title":"BONTE acondicionador formato viaje para todo tipo de cabellos botella 100 ml","price":"1,00 €","pricePerUnit":"(10,00 €/l.)","imgUrl":"https://s1.dia.es/medias/h34/he5/8860429254686.png"},{"title":"BONTE acondicionador queratina y aceite de argán botella 300 ml","price":"1,99 €","pricePerUnit":"(6,63 €/l.)","imgUrl":"https://s0.dia.es/medias/h31/h4c/8961302724638.jpg"},{"title":"BONTE acondicionador repara y protege cabello quebradizo bote 300 ml","price":"1,48 €","pricePerUnit":"(4,93 €/l.)","imgUrl":"https://s2.dia.es/medias/h66/h4a/9275990474782.jpg"},{"title":"BONTE acondicionador rizos perfectos cabello rizado bote 300 ml","price":"1,48 €","pricePerUnit":"(4,93 €/l.)","imgUrl":"https://s0.dia.es/medias/ha2/h11/8856514592798.png"},{"title":"BONTE acondicionador volumen total cabello fino botella 300 ml","price":"1,48 €","pricePerUnit":"(4,93 €/l.)","imgUrl":"https://s3.dia.es/medias/h4a/h32/8961352728606.jpg"},{"title":"BONTE crema capilar alisadora bote 200 ml","price":"2,19 €","pricePerUnit":"(10,95 €/l.)","imgUrl":"https://s2.dia.es/medias/h0b/hb3/8883718324254.png"},{"title":"BONTE crema rizos perfectos 200 ml","price":"2,45 €","pricePerUnit":"(12,25 €/l.)","imgUrl":"https://s2.dia.es/medias/h65/h3e/8860556197918.png"},{"title":"BONTE crema suavizante cabello liso frasco 300 ml","price":"1,48 €","pricePerUnit":"(4,93 €/l.)","imgUrl":"https://s2.dia.es/medias/hf5/h2e/8872677900318.png"},{"title":"BONTE loción capilar anticaída para hombre caja 125 ml","price":"4,55 €","pricePerUnit":"(36,40 €/l.)","imgUrl":"https://s2.dia.es/medias/he3/h92/8945991319582.png"},{"title":"BONTE mascarilla capilar arroz y avena calmante tarro 300 ml","price":"2,69 €","pricePerUnit":"(8,97 €/l.)","imgUrl":"https://s0.dia.es/medias/h3c/h77/9252424908830.jpg"},{"title":"BONTE mascarilla capilar miel reparadora tarro 300 ml","price":"2,65 €","pricePerUnit":"(8,83 €/l.)","imgUrl":"https://s2.dia.es/medias/h9d/h2c/9241352241182.jpg"},{"title":"BONTE mascarilla capilar oliva nutritiva tarro 300 ml","price":"2,65 €","pricePerUnit":"(8,83 €/l.)","imgUrl":"https://s3.dia.es/medias/h8e/ha7/9241390972958.jpg"},{"title":"BONTE spray Protector del Calor spray 300 ml","price":"3,10 €","pricePerUnit":"(10,33 €/l.)","imgUrl":"https://s1.dia.es/medias/h09/h4f/9025593212958.jpg"},{"title":"ELVIVE acondicionador protector del color cabello teñido bote 300 ml","price":"3,85 €","pricePerUnit":"(12,83 €/l.)","imgUrl":"https://s3.dia.es/medias/h85/h56/9650307760158.jpg"},{"title":"ELVIVE loción anticaspa phytoclear dosificador 100 ml","price":"7,75 €","pricePerUnit":"(77,50 €/l.)","imgUrl":"https://s0.dia.es/medias/h3c/h60/9650292850718.jpg"},{"title":"ELVIVE mascarilla arcilla extraordinaria pre champú cabello normal tarro 150 ml","price":"4,99 €","pricePerUnit":"(33,27 €/l.)","imgUrl":"https://s0.dia.es/medias/h86/h9c/9650301206558.jpg"},{"title":"FLEX acondicionador 2 fases rizos sin aclarado pistola 400 ml","price":"3,99 €","pricePerUnit":"(9,98 €/l.)","imgUrl":"https://s1.dia.es/medias/ha5/h7f/9110087991326.jpg"},{"title":"FLEX acondicionador 2 fases sin aclarado princess pistola 400 ml","price":"3,99 €","pricePerUnit":"(9,98 €/l.)","imgUrl":"https://s1.dia.es/medias/hc6/h0b/9181597532190.jpg"},{"title":"FLEX acondicionador cuidado clásico bote 650 ml","price":"2,99 €","pricePerUnit":"(4,60 €/l.)","imgUrl":"https://s3.dia.es/medias/h9e/h24/8859449393182.png"},{"title":"FLEX acondicionador nutritivo 2 fases sin aclarado pistola 400 ml","price":"3,95 €","pricePerUnit":"(9,88 €/l.)","imgUrl":"https://s0.dia.es/medias/hd6/h03/9113180995614.jpg"},{"title":"FLEX crema suavizante con keratina cabello seco o dañado bote 650 ml","price":"2,99 €","pricePerUnit":"(4,60 €/l.)","imgUrl":"https://s3.dia.es/medias/h2d/h75/8966255771678.jpg"},{"title":"FRIZZ EASE acondicionador liso perfecto con queratina tubo 250 ml","price":"5,99 €","pricePerUnit":"(23,96 €/l.)","imgUrl":"https://s1.dia.es/medias/h95/h6c/9546648322078.jpg"},{"title":"FRIZZ EASE acondicionador rizos definidos tubo 250 ml","price":"5,99 €","pricePerUnit":"(23,96 €/l.)","imgUrl":"https://s3.dia.es/medias/hc2/h04/9546629316638.jpg"},{"title":"FRIZZ EASE crema acabado perfecto suave y brillante tubo 100 ml","price":"7,99 €","pricePerUnit":"(79,90 €/l.)","imgUrl":"https://s2.dia.es/medias/hab/h0a/9546644389918.jpg"},{"title":"FRUCTIS acondicionador adios daños repara y fortifica bote 250 ml","price":"3,19 €","pricePerUnit":"(12,76 €/l.)","imgUrl":"https://s1.dia.es/medias/he4/h6a/9650284003358.jpg"},{"title":"FRUCTIS acondicionador pure fresh agua de coco fortificante bote 250 ml","price":"3,19 €","pricePerUnit":"(12,76 €/l.)","imgUrl":"https://s1.dia.es/medias/h7a/hbd/9650260017182.jpg"},{"title":"GLISS acondicionador express fiber therapy sin aclarado spray 200 ml","price":"2,89 €","pricePerUnit":"(14,45 €/l.)","imgUrl":"https://s1.dia.es/medias/h3c/ha0/9577468428318.jpg"},{"title":"GLISS acondicionador express oil elixir botella 200 ml","price":"2,89 €","pricePerUnit":"(14,45 €/l.)","imgUrl":"https://s1.dia.es/medias/hc6/he2/9577538191390.jpg"},{"title":"GLISS acondicionador fiber therapy cabello estropeado bote 200 ml","price":"2,89 €","pricePerUnit":"(14,45 €/l.)","imgUrl":"https://s0.dia.es/medias/h6d/hf5/9081993166878.jpg"},{"title":"GLISS acondicionador liso asiático con keratina líquida bote 250 ml","price":"2,89 €","pricePerUnit":"(14,45 €/l.)","imgUrl":"https://s1.dia.es/medias/h72/h42/9577490776094.jpg"},{"title":"GLISS acondicionador million gloss express cabello apagado bote 250 ml","price":"2,89 €","pricePerUnit":"(14,45 €/l.)","imgUrl":"https://s3.dia.es/medias/h4f/ha2/9577466134558.jpg"},{"title":"GLISS acondicionador reparación total cabello seco bote 200 ml","price":"2,89 €","pricePerUnit":"(14,45 €/l.)","imgUrl":"https://s1.dia.es/medias/h3d/h2b/9577575874590.jpg"},{"title":"GLISS mascarilla fiber therapy bote 300 ml","price":"4,79 €","pricePerUnit":"(15,97 €/l.)","imgUrl":"https://s1.dia.es/medias/hbb/h14/9577504571422.jpg"},{"title":"HERBAL Essences acondicionador aceite de argán de marruecos bio bote 400 ml","price":"4,99 €","pricePerUnit":"(12,48 €/l.)","imgUrl":"https://s1.dia.es/medias/hb2/he5/9298874531870.jpg"},{"title":"HERBAL Essences acondicionador hidratante leche de coco bio bote 400 ml","price":"4,99 €","pricePerUnit":"(12,48 €/l.)","imgUrl":"https://s1.dia.es/medias/h03/h81/9298852249630.jpg"},{"title":"HERBAL ESSENCES acondicionador purificante fresa blanca y menta bio bote 400 ml","price":"4,99 €","pricePerUnit":"(12,48 €/l.)","imgUrl":"https://s3.dia.es/medias/h62/h10/9336817385502.jpg"},{"title":"HERBAL Professional care acondicionador color protect cabello teñido bote 750 ml","price":"4,45 €","pricePerUnit":"(5,93 €/l.)","imgUrl":"https://s2.dia.es/medias/h90/h7c/8946248482846.png"},{"title":"HERBAL Professional care acondicionador rizos definidos bote 750 ml","price":"4,45 €","pricePerUnit":"(5,93 €/l.)","imgUrl":"https://s3.dia.es/medias/h5c/h36/8946276139038.png"},{"title":"HERBAL Professional care acondicionador sos total repair bote 750 ml","price":"4,45 €","pricePerUnit":"(5,93 €/l.)","imgUrl":"https://s3.dia.es/medias/hbf/ha2/9125444223006.jpg"},{"title":"HERBAL Professional care mascarilla antiencrespamiento cabello liso 500 ml","price":"4,99 €","pricePerUnit":"(9,98 €/l.)","imgUrl":"https://s0.dia.es/medias/h52/h2b/8946165645342.png"},{"title":"HERBAL Professional care mascarilla cabellos rizos tarro 500 ml","price":"4,99 €","pricePerUnit":"(9,98 €/l.)","imgUrl":"https://s3.dia.es/medias/h1a/hbb/8946234327070.png"},{"title":"HERBAL Professional care mascarilla color protect cabellos teñidos 500 ml","price":"4,99 €","pricePerUnit":"(9,98 €/l.)","imgUrl":"https://s3.dia.es/medias/hb0/h5e/8946169839646.png"},{"title":"JUNIOR SMILE desenredante pelo niños spray 300 ml","price":"1,89 €","pricePerUnit":"(6,30 €/l.)","imgUrl":"https://s1.dia.es/medias/hf5/h87/9334527131678.jpg"},{"title":"KERZO loción intensiva choc cabellos en fase de caída importante caja 150 ml","price":"7,25 €","pricePerUnit":"(48,33 €/l.)","imgUrl":"https://s0.dia.es/medias/h4d/hd9/8856427495454.png"},{"title":"KERZO loción mantenimiento seda programa anticaída 150 ml","price":"7,69 €","pricePerUnit":"(51,27 €/l.)","imgUrl":"https://s3.dia.es/medias/hb7/h79/8856342495262.png"},{"title":"KERZO tratamiento anticaída intensivo caja 14 ampollas","price":"16,95 €","pricePerUnit":"(16,95 €/ud.)","imgUrl":"https://s0.dia.es/medias/h7c/hf0/9081986940958.jpg"},{"title":"L'OREAL Botanicals acondicionador ritual de alisado tubo 200 ml","price":"7,99 €","pricePerUnit":"(39,95 €/l.)","imgUrl":"https://s1.dia.es/medias/hfe/h63/9496634556446.jpg"},{"title":"L'OREAL Botanicals crema suavizante fuente de fuerza tubo 200 ml","price":"7,99 €","pricePerUnit":"(39,95 €/l.)","imgUrl":"https://s2.dia.es/medias/h32/hb2/9496567808030.jpg"},{"title":"L'OREAL Botanicals crema suavizante infusión de nutrición tubo 200 ml","price":"7,99 €","pricePerUnit":"(39,95 €/l.)","imgUrl":"https://s1.dia.es/medias/hae/h1c/9496723226654.jpg"},{"title":"L'OREAL Botanicals crema suavizante remedio de brillo tubo 200 ml","price":"7,99 €","pricePerUnit":"(39,95 €/l.)","imgUrl":"https://s1.dia.es/medias/hba/h5b/9496695963678.jpg"},{"title":"L'OREAL Botanicals mascarilla fuente de fuerza tarro 200 ml","price":"7,99 €","pricePerUnit":"(39,95 €/l.)","imgUrl":"https://s1.dia.es/medias/heb/hf9/9496694980638.jpg"},{"title":"L'OREAL Botanicals mascarilla infusión de nutrición tarro 200 ml","price":"7,99 €","pricePerUnit":"(39,95 €/l.)","imgUrl":"https://s3.dia.es/medias/h44/hfb/9496716607518.jpg"},{"title":"L'OREAL Botanicals mascarilla remedio de brillo tarro 200 ml","price":"7,99 €","pricePerUnit":"(39,95 €/l.)","imgUrl":"https://s3.dia.es/medias/h80/h16/9496636850206.jpg"},{"title":"LOTIGEN suavizante capilar bote 300 ml","price":"7,95 €","pricePerUnit":"(31,80 €/l.)","imgUrl":"https://s1.dia.es/medias/h1b/hbf/9104448618526.jpg"},{"title":"NELLY acondicionador bifásico sin aclarado formato viaje spray 100 ml","price":"1,50 €","pricePerUnit":"(15,00 €/l.)","imgUrl":"https://s1.dia.es/medias/haa/h5d/8946325815326.png"},{"title":"NELLY mascarilla capilar ultra reparadora formato viaje tubo 100 ml","price":"1,00 €","pricePerUnit":"(10,00 €/l.)","imgUrl":"https://s1.dia.es/medias/h12/h82/9478742704158.jpg"},{"title":"NUGGELA & SULÉ supre acondicionador cebolla bote 250 ml","price":"18,90 €","pricePerUnit":"(75,60 €/l.)","imgUrl":"https://s2.dia.es/medias/h30/h53/9439271616542.jpg"},{"title":"ORIGINAL REMEDIES mascarilla nutritiva alisadora tarro 300 ml","price":"3,89 €","pricePerUnit":"(12,97 €/l.)","imgUrl":"https://s0.dia.es/medias/ha5/h80/9650259034142.jpg"},{"title":"PANTENE Pro-v acondicionador age defy antiedad cabello dañado bote 200ml","price":"6,99 €","pricePerUnit":"(34,95 €/l.)","imgUrl":"https://s1.dia.es/medias/h78/h16/8990131421214.jpg"},{"title":"PANTENE Pro-v acondicionador Clásico todo tipo de cabellos bote 300 ml","price":"3,99 €","pricePerUnit":"(13,30 €/l.)","imgUrl":"https://s1.dia.es/medias/hda/h9c/9334572056606.jpg"},{"title":"PANTENE Pro-v acondicionador en espuma aqua light spray 180 ml","price":"3,85 €","pricePerUnit":"(21,39 €/l.)","imgUrl":"https://s3.dia.es/medias/he9/hff/9483716558878.jpg"},{"title":"PANTENE Pro-v acondicionador en espuma purificante spray 180 ml","price":"3,95 €","pricePerUnit":"(21,94 €/l.)","imgUrl":"https://s0.dia.es/medias/h53/h06/9483254628382.jpg"},{"title":"PANTENE Pro-v acondicionador en espuma repara y protege spray 180 ml","price":"3,95 €","pricePerUnit":"(21,94 €/l.)","imgUrl":"https://s2.dia.es/medias/ha7/he1/9483335565342.jpg"},{"title":"PANTENE Pro-v acondicionador micelar purifica y revitaliza bote 300 ml","price":"3,99 €","pricePerUnit":"(13,30 €/l.)","imgUrl":"https://s1.dia.es/medias/h12/ha1/9198629847070.jpg"},{"title":"PANTENE Pro-v acondicionador prevención caída sistema antirotura bote 300 ml","price":"3,99 €","pricePerUnit":"(13,30 €/l.)","imgUrl":"https://s1.dia.es/medias/h65/h3d/9334544334878.jpg"},{"title":"PANTENE Pro-v acondicionador repara y protege 3 minutos tubo 200 ml","price":"3,99 €","pricePerUnit":"(19,95 €/l.)","imgUrl":"https://s1.dia.es/medias/h6e/h63/9274456670238.jpg"},{"title":"PANTENE Pro-v acondicionador repara y protege cabello dañado bote 300 ml","price":"3,99 €","pricePerUnit":"(13,30 €/l.)","imgUrl":"https://s3.dia.es/medias/hf6/hf9/9334609543198.jpg"},{"title":"PANTENE Pro-v acondicionador repara y protege cabello dañado bote 675 ml","price":"6,89 €","pricePerUnit":"(10,21 €/l.)","imgUrl":"https://s0.dia.es/medias/hed/h2a/9334561112094.jpg"},{"title":"PANTENE Pro-v acondicionador rizos definidos 3 minutos tubo 200 ml","price":"3,99 €","pricePerUnit":"(19,95 €/l.)","imgUrl":"https://s2.dia.es/medias/h6e/h88/9198651473950.jpg"},{"title":"PANTENE Pro-v acondicionador rizos perfectos definidos bote 300 ml","price":"3,99 €","pricePerUnit":"(13,30 €/l.)","imgUrl":"https://s0.dia.es/medias/h76/h60/9334680518686.jpg"},{"title":"PANTENE Pro-v acondicionador suave y liso control encrespamiento 300 ml","price":"3,99 €","pricePerUnit":"(13,30 €/l.)","imgUrl":"https://s2.dia.es/medias/h8e/h4c/9334615113758.jpg"},{"title":"PANTENE Pro-v acondicionador suave y liso control encrespamiento 675 ml","price":"6,89 €","pricePerUnit":"(10,21 €/l.)","imgUrl":"https://s3.dia.es/medias/h06/h5d/9334577954846.jpg"},{"title":"SHEER BLONDE acondicionador aclarante cabello rubio tubo 250 ml","price":"6,19 €","pricePerUnit":"(24,76 €/l.)","imgUrl":"https://s1.dia.es/medias/h40/h88/9546652254238.jpg"},{"title":"SHEER BLONDE acondicionador iluminador de mechas cabellos rubios tubo 250 ml","price":"6,19 €","pricePerUnit":"(24,76 €/l.)","imgUrl":"https://s2.dia.es/medias/hd2/h4a/9546629644318.jpg"},{"title":"TIMOTEI acondicionador fresco y fuerte cabello normal bote 300 ml","price":"2,99 €","pricePerUnit":"(9,97 €/l.)","imgUrl":"https://s1.dia.es/medias/h48/h82/9297535402014.jpg"},{"title":"TRESEMMÉ acondicionador color keratina bote 700 ml","price":"5,45 €","pricePerUnit":"(7,79 €/l.)","imgUrl":"https://s3.dia.es/medias/h65/h8f/9248230572062.jpg"},{"title":"TRESEMMÉ acondicionador hidratación intensa bote 500 ml","price":"3,29 €","pricePerUnit":"(6,58 €/l.)","imgUrl":"https://s2.dia.es/medias/hb9/h5b/9250450800670.jpg"},{"title":"TRESEMMÉ acondicionador hidratación intensa bote 900 ml","price":"5,75 €","pricePerUnit":"(6,39 €/l.)","imgUrl":"https://s0.dia.es/medias/h12/h31/9248207241246.jpg"},{"title":"TRESEMMÉ acondicionador hidratación intensa formato viaje bote 100 ml","price":"1,50 €","pricePerUnit":"(15,00 €/l.)","imgUrl":"https://s1.dia.es/medias/h3c/h4f/9621697560606.jpg"},{"title":"TRESEMMÉ acondicionador liso keratina bote 400 ml","price":"3,55 €","pricePerUnit":"(8,88 €/l.)","imgUrl":"https://s1.dia.es/medias/hf1/h45/9307128430622.jpg"},{"title":"TRESEMMÉ acondicionador liso keratina bote 700 ml","price":"5,75 €","pricePerUnit":"(8,21 €/l.)","imgUrl":"https://s3.dia.es/medias/h90/h63/9248232538142.jpg"},{"title":"TRESEMMÉ acondicionador repara y fortalece 7 en 1 bote 700 ml","price":"5,75 €","pricePerUnit":"(8,21 €/l.)","imgUrl":"https://s0.dia.es/medias/h14/hf2/9248231555102.jpg"},{"title":"TRESEMMÉ Botanique acondicionador nutre y fortalece bote 700 ml","price":"5,45 €","pricePerUnit":"(7,79 €/l.)","imgUrl":"https://s2.dia.es/medias/h60/h8c/9248209535006.jpg"},{"title":"TRESEMMÉ Botanique acondicionador reparación intensiva bote 700 ml","price":"5,19 €","pricePerUnit":"(7,41 €/l.)","imgUrl":"https://s2.dia.es/medias/h8b/h8d/9248240730142.jpg"},{"title":"TRESEMMÉ mascarilla repara y fortalece tarro 300 ml","price":"5,29 €","pricePerUnit":"(17,63 €/l.)","imgUrl":"https://s2.dia.es/medias/h84/h2f/9248206258206.jpg"}]},"mascarillas-cabello":{"categoryUrl":"/compra-online/productos/perfumeria-e-higiene/cuidado-del-cabello/mascarillas-cabello/c/WEB.010.092.00589","products":[{"title":"BONTE aceite de argán spray 100 ml","price":"4,25 €","pricePerUnit":"(42,50 €/l.)","imgUrl":"https://s2.dia.es/medias/h3f/hd1/8860153905182.png"},{"title":"BONTE mascarilla capilar alisadora frasco 300 ml","price":"2,25 €","pricePerUnit":"(7,50 €/l.)","imgUrl":"https://s1.dia.es/medias/h50/h0f/8961210253342.jpg"},{"title":"BONTE mascarilla capilar antiedad para cabellos dañados y quebradizos frasco 300 ml","price":"2,49 €","pricePerUnit":"(8,30 €/l.)","imgUrl":"https://s1.dia.es/medias/h62/h73/8961294401566.jpg"},{"title":"BONTE mascarilla capilar brillo cabello normal tarro 300 ml","price":"2,55 €","pricePerUnit":"(8,50 €/l.)","imgUrl":"https://s2.dia.es/medias/h87/h30/8856025661470.png"},{"title":"BONTE mascarilla capilar color para cabellos teñidos frasco 300 ml","price":"2,40 €","pricePerUnit":"(8,00 €/l.)","imgUrl":"https://s2.dia.es/medias/h7b/h72/8961258094622.jpg"},{"title":"BONTE mascarilla capilar nutritiva clásica tarro 300 ml","price":"2,55 €","pricePerUnit":"(8,50 €/l.)","imgUrl":"https://s0.dia.es/medias/hce/h19/8958711758878.png"},{"title":"BONTE mascarilla capilar reparadora y protectora frasco 300 ml","price":"1,54 €","pricePerUnit":"(5,13 €/l.)","imgUrl":"https://s0.dia.es/medias/h39/h33/8957716660254.png"},{"title":"BONTE mascarilla capilar rizos perfectos frasco 300 ml","price":"2,25 €","pricePerUnit":"(7,50 €/l.)","imgUrl":"https://s3.dia.es/medias/h29/h42/8961340735518.jpg"},{"title":"BONTE serum reparador de puntas abiertas cabellos secos y dañados spray 50ml","price":"4,11 €","pricePerUnit":"(82,20 €/l.)","imgUrl":"https://s2.dia.es/medias/hde/h1d/8860571467806.png"},{"title":"ELVIVE aceite extraordinario sublimador del cabello dosificador 100 ml","price":"8,35 €","pricePerUnit":"(83,50 €/l.)","imgUrl":"https://s0.dia.es/medias/h40/h41/9650295472158.jpg"},{"title":"ELVIVE aceite extraordinario sublimador del cabello dosificador 100 ml","price":"8,79 €","pricePerUnit":"(87,90 €/l.)","imgUrl":"https://s1.dia.es/medias/h52/h6b/9650275188766.jpg"},{"title":"ELVIVE aceite extraordinario sublimador del color bote 100 ml","price":"8,95 €","pricePerUnit":"(89,50 €/l.)","imgUrl":"https://s0.dia.es/medias/h38/h15/9650261000222.jpg"},{"title":"ELVIVE mascarilla aceite extraordinario de coco tarro 300 ml","price":"4,55 €","pricePerUnit":"(15,17 €/l.)","imgUrl":"https://s0.dia.es/medias/hb4/h22/9650265096222.jpg"},{"title":"ELVIVE mascarilla aceite extraordinario tarro 300 ml","price":"4,55 €","pricePerUnit":"(15,17 €/l.)","imgUrl":"https://s2.dia.es/medias/hf8/hdc/9650262147102.jpg"},{"title":"ELVIVE mascarilla arginina revitalizante tarro 300 ml","price":"4,79 €","pricePerUnit":"(15,97 €/l.)","imgUrl":"https://s1.dia.es/medias/h8d/h39/9650318278686.jpg"},{"title":"ELVIVE mascarilla capilar color vive tarro 300 ml","price":"4,79 €","pricePerUnit":"(15,97 €/l.)","imgUrl":"https://s3.dia.es/medias/hfe/hf2/9650280333342.jpg"},{"title":"ELVIVE mascarilla capilar total repair 5 tarro 300 ml","price":"4,79 €","pricePerUnit":"(15,97 €/l.)","imgUrl":"https://s0.dia.es/medias/hee/h70/9650290229278.jpg"},{"title":"FRIZZ EASE mascarilla fortalecedora intensiva ceite de aguacate tarro 250 ml","price":"7,99 €","pricePerUnit":"(31,96 €/l.)","imgUrl":"https://s0.dia.es/medias/hc8/hba/9546625056798.jpg"},{"title":"FRIZZ EASE serum antiencrespamiento extrafuerte dosificador 50 ml","price":"12,49 €","pricePerUnit":"(249,80 €/l.)","imgUrl":"https://s0.dia.es/medias/h46/h4a/9546647994398.jpg"},{"title":"FRIZZ EASE serum antiencrespamiento original inmediato dosificador 50 ml","price":"11,45 €","pricePerUnit":"(229,00 €/l.)","imgUrl":"https://s3.dia.es/medias/h70/he6/9546652581918.jpg"},{"title":"FRUCTIS aceite milagroso dosificador 150 ml","price":"6,89 €","pricePerUnit":"(45,93 €/l.)","imgUrl":"https://s2.dia.es/medias/hc9/ha5/9650286297118.jpg"},{"title":"FRUCTIS aceite milagroso hidra liso dosificador 150 ml","price":"6,99 €","pricePerUnit":"(46,60 €/l.)","imgUrl":"https://s1.dia.es/medias/h82/h47/9650274533406.jpg"},{"title":"FRUCTIS mascarilla adios daños repara y fortifica tarro 300 ml","price":"4,20 €","pricePerUnit":"(14,00 €/l.)","imgUrl":"https://s0.dia.es/medias/h8e/h74/9650322178078.jpg"},{"title":"FRUCTIS mascarilla hidra liso 72h tarro 300 ml","price":"4,20 €","pricePerUnit":"(14,00 €/l.)","imgUrl":"https://s0.dia.es/medias/hcc/h0e/9650282364958.jpg"},{"title":"FRUCTIS mascarilla hidra rizos cabello rizo u ondulado tarro 300 ml","price":"4,20 €","pricePerUnit":"(14,00 €/l.)","imgUrl":"https://s1.dia.es/medias/h3d/h01/9650270371870.jpg"},{"title":"FRUCTIS mascarilla nutri repair 3 butter cabello muy seco tarro 300 ml","price":"4,20 €","pricePerUnit":"(14,00 €/l.)","imgUrl":"https://s1.dia.es/medias/h0e/h2a/9650269716510.jpg"},{"title":"FRUCTIS mascarilla nutri repair 3 cabello seco tarro 300 ml","price":"4,20 €","pricePerUnit":"(14,00 €/l.)","imgUrl":"https://s2.dia.es/medias/hcb/h9a/9650331156510.jpg"},{"title":"GIORGI LINE serum alisador anti encrespamiento spray 75 ml","price":"5,45 €","pricePerUnit":"(72,67 €/l.)","imgUrl":"https://s3.dia.es/medias/heb/hb8/9508979081246.jpg"},{"title":"GLISS aceite elixir diario con aceite de argán spray 75 ml","price":"6,49 €","pricePerUnit":"(86,53 €/l.)","imgUrl":"https://s2.dia.es/medias/h15/hbf/9577505554462.jpg"},{"title":"GLISS mascarilla capilar Extrabrillo dosificador 150 ml","price":"4,99 €","pricePerUnit":"(33,27 €/l.)","imgUrl":"https://s0.dia.es/medias/h91/h65/9577558835230.jpg"},{"title":"GLISS mascarilla liso asiático tarro 300 ml","price":"4,79 €","pricePerUnit":"(15,97 €/l.)","imgUrl":"https://s1.dia.es/medias/h1f/h9b/9577491431454.jpg"},{"title":"GLISS mascarilla reparación total formato viaje tubo 20 ml","price":"1,00 €","pricePerUnit":"(50,00 €/l.)","imgUrl":"https://s3.dia.es/medias/hc9/hfb/9577585770526.jpg"},{"title":"GLISS mascarilla reparación total para cabellos secos tarro 300 ml","price":"4,95 €","pricePerUnit":"(16,50 €/l.)","imgUrl":"https://s3.dia.es/medias/h5e/h60/9577512435742.jpg"},{"title":"GLISS mascarilla ultimate repair cabello muy dañado tarro 300 ml","price":"4,95 €","pricePerUnit":"(16,50 €/l.)","imgUrl":"https://s1.dia.es/medias/h97/h5b/9577464823838.jpg"},{"title":"GLISS protector del calor liso asiático spray 150 ml","price":"6,19 €","pricePerUnit":"(41,27 €/l.)","imgUrl":"https://s3.dia.es/medias/h6f/h58/9536319094814.jpg"},{"title":"GLISS serum antiencrespamiento liso asiático spray 50 ml","price":"5,99 €","pricePerUnit":"(119,80 €/l.)","imgUrl":"https://s1.dia.es/medias/h3c/h20/9577491759134.jpg"},{"title":"GLISS serum ligero ultimate oil elixir cabello castigado spray 100 ml","price":"6,75 €","pricePerUnit":"(67,50 €/l.)","imgUrl":"https://s2.dia.es/medias/h7f/h6f/9577505882142.jpg"},{"title":"GLISS serum reparación intensa cabello estropeado tubo 100 ml","price":"6,49 €","pricePerUnit":"(64,90 €/l.)","imgUrl":"https://s1.dia.es/medias/hb3/h78/9536274137118.jpg"},{"title":"GLISS tratamiento express 30 seg. fiber therapy con aclarado tubo 200 ml","price":"3,35 €","pricePerUnit":"(16,75 €/l.)","imgUrl":"https://s0.dia.es/medias/h7f/hd3/9577487663134.jpg"},{"title":"GLISS ultimate repair puntas tratamiento de puntas abiertas cabellos muy dañados 50 ml","price":"6,59 €","pricePerUnit":"(131,80 €/l.)","imgUrl":"https://s1.dia.es/medias/h0d/hfa/9577465806878.jpg"},{"title":"HERBAL Bio natural mascarilla hidratante nutrición intensiva tarro 300 ml","price":"4,55 €","pricePerUnit":"(15,17 €/l.)","imgUrl":"https://s1.dia.es/medias/h89/hbf/8857948323870.png"},{"title":"HERBAL Bio natural mascarilla revitalizante rizos definidos tarro 300 ml","price":"4,55 €","pricePerUnit":"(15,17 €/l.)","imgUrl":"https://s2.dia.es/medias/h45/hf3/9125406834718.jpg"},{"title":"HERBAL Bio natural serum reparador liso antiencrespamiento spray 100 ml","price":"4,69 €","pricePerUnit":"(46,90 €/l.)","imgUrl":"https://s1.dia.es/medias/h90/hfd/8857820332062.png"},{"title":"HERBAL Bio natural serum reparador protector del color spray 100 ml","price":"4,69 €","pricePerUnit":"(46,90 €/l.)","imgUrl":"https://s3.dia.es/medias/hc3/h5d/8857846022174.png"},{"title":"HERBAL Bio natural serum reparador puntas intensivo spray 100 ml","price":"4,69 €","pricePerUnit":"(46,90 €/l.)","imgUrl":"https://s3.dia.es/medias/hcb/h35/8857980305438.png"},{"title":"HERBAL Bio natural serum reparador rizos definidos spray 100 ml","price":"4,69 €","pricePerUnit":"(46,90 €/l.)","imgUrl":"https://s1.dia.es/medias/hae/h5c/9125460770846.jpg"},{"title":"HERBAL Bio natural serum reparador total repair spray 100 ml","price":"4,69 €","pricePerUnit":"(46,90 €/l.)","imgUrl":"https://s1.dia.es/medias/h63/h3b/9125423677470.jpg"},{"title":"HERBAL Professional care sos mascarilla total repair tarro 500 ml","price":"4,99 €","pricePerUnit":"(9,98 €/l.)","imgUrl":"https://s3.dia.es/medias/h99/h4a/9125450776606.jpg"},{"title":"KERZO tónico sin aclarado anticaída fortificante cabello frágil spray 150 ml","price":"7,89 €","pricePerUnit":"(52,60 €/l.)","imgUrl":"https://s1.dia.es/medias/hbb/h75/8883789955102.png"},{"title":"L'OREAL Botanicals pomada infusión de nutrición cabellos secos tubo 100 ml","price":"7,99 €","pricePerUnit":"(79,90 €/l.)","imgUrl":"https://s2.dia.es/medias/h7b/h03/9496600870942.jpg"},{"title":"L'OREAL Botanicals serum fortificante sin aclarado dosificador 125 ml","price":"7,99 €","pricePerUnit":"(63,92 €/l.)","imgUrl":"https://s1.dia.es/medias/hb8/hbf/9496778997790.jpg"},{"title":"L'OREAL Botanicals vinagre iluminador sin aclarado 150 ml","price":"7,99 €","pricePerUnit":"(53,27 €/l.)","imgUrl":"https://s0.dia.es/medias/hff/hb1/9496695308318.jpg"},{"title":"LOTIGEN mascarilla capilar bote 300 ml","price":"13,95 €","pricePerUnit":"(55,80 €/l.)","imgUrl":"https://s3.dia.es/medias/h91/h02/9104444620830.jpg"},{"title":"NATUR VITAL mascarilla capilar color cabellos castaños bote 300 ml","price":"4,99 €","pricePerUnit":"(16,63 €/l.)","imgUrl":"https://s3.dia.es/medias/hd1/h8e/9646268121118.jpg"},{"title":"NATUR VITAL mascarilla capilar color cabellos rubios bote 300 ml","price":"4,99 €","pricePerUnit":"(16,63 €/l.)","imgUrl":"https://s3.dia.es/medias/h3d/h27/9646259601438.jpg"},{"title":"NELLY keratina líquida reestructurador del cabello antirotura spray 200 ml","price":"3,75 €","pricePerUnit":"(18,75 €/l.)","imgUrl":"https://s3.dia.es/medias/h35/h1a/9479159152670.jpg"},{"title":"NUGGELA & SULÉ anti - caída efectiva ampolla 10 ml","price":"5,40 €","pricePerUnit":"(540,00 €/l.)","imgUrl":"https://s1.dia.es/medias/hf2/hf7/9428157988894.jpg"},{"title":"NUGGELA & SULÉ multivitamina energy ampolla 10 ml","price":"5,40 €","pricePerUnit":"(540,00 €/l.)","imgUrl":"https://s1.dia.es/medias/h33/h49/9428144390174.jpg"},{"title":"NUGGELA & SULÉ protector capilar total heair bote 125 ml","price":"14,90 €","pricePerUnit":"(119,20 €/l.)","imgUrl":"https://s0.dia.es/medias/h5f/hf9/9428143079454.jpg"},{"title":"NUGGELA & SULÉ regenerador capilar ampolla 10 ml","price":"5,40 €","pricePerUnit":"(540,00 €/l.)","imgUrl":"https://s1.dia.es/medias/h05/h4f/9428142096414.jpg"},{"title":"ORIGINAL REMEDIES aceite oliva en crema sin aclarado cabello reseco 200 ml","price":"2,59 €","pricePerUnit":"(12,95 €/l.)","imgUrl":"https://s3.dia.es/medias/h5f/ha4/9650277810206.jpg"},{"title":"ORIGINAL REMEDIES mascarilla délicatesse todo tipo de cabello tarro 300 ml","price":"3,89 €","pricePerUnit":"(12,97 €/l.)","imgUrl":"https://s2.dia.es/medias/h47/he4/9650258706462.jpg"},{"title":"ORIGINAL REMEDIES mascarilla oliva mítica tarro 300 ml","price":"3,89 €","pricePerUnit":"(12,97 €/l.)","imgUrl":"https://s0.dia.es/medias/h55/he4/9650260344862.jpg"},{"title":"ORIGINAL REMEDIES mascarilla tesoros de miel tarro 300 ml","price":"3,89 €","pricePerUnit":"(12,97 €/l.)","imgUrl":"https://s3.dia.es/medias/hcd/h9c/9650317951006.jpg"},{"title":"ORIGINAL REMEDIES sellador de puntas tesoro reconstituyente bote 50 ml","price":"7,29 €","pricePerUnit":"(145,80 €/l.)","imgUrl":"https://s0.dia.es/medias/h3d/h26/9650334498846.jpg"},{"title":"ORIGINAL REMEDIES serum en crema con aguacate y karité sin aclarado bote 100 ml","price":"3,40 €","pricePerUnit":"(34,00 €/l.)","imgUrl":"https://s1.dia.es/medias/h78/hf4/9650294816798.jpg"},{"title":"ORIGINALS REMEDIES crema reconstituyente sin aclarado tesoros de miel bote 200 ml","price":"3,40 €","pricePerUnit":"(17,00 €/l.)","imgUrl":"https://s3.dia.es/medias/h7b/h35/9650324537374.jpg"},{"title":"PANTENE Pro-v aceite seco repara y protege nutre las puntas spray 100 ml","price":"6,69 €","pricePerUnit":"(66,90 €/l.)","imgUrl":"https://s3.dia.es/medias/h1e/hf8/8946686853150.png"},{"title":"PANTENE Pro-v aceite seco suave y liso cabello seco spray 100 ml","price":"6,69 €","pricePerUnit":"(66,90 €/l.)","imgUrl":"https://s2.dia.es/medias/h9a/hd4/9096345813022.jpg"},{"title":"PANTENE Pro-v ampollas rescate 1 min tratamiento intensivo caja 3 ampollas","price":"5,55 €","pricePerUnit":"(1,85 €/ud.)","imgUrl":"https://s2.dia.es/medias/h2d/he4/8913570529310.jpg"},{"title":"PANTENE Pro-v BB7 crema antiedad dosificador 145 ml","price":"5,59 €","pricePerUnit":"(38,55 €/l.)","imgUrl":"https://s3.dia.es/medias/hb1/hb7/8910867562526.jpg"},{"title":"PANTENE Pro-v mascarilla color protect cabello teñido tarro 300 ml","price":"4,45 €","pricePerUnit":"(14,83 €/l.)","imgUrl":"https://s2.dia.es/medias/h9f/ha3/9096325922846.jpg"},{"title":"PANTENE Pro-v mascarilla repara y protege 2 min cabello dañado tarro 300 ml","price":"4,45 €","pricePerUnit":"(14,83 €/l.)","imgUrl":"https://s2.dia.es/medias/h2f/h8e/8910948565022.png"},{"title":"PANTENE Pro-v mascarilla suave y liso 2 min anti encrespamiento tarro 300 ml","price":"4,45 €","pricePerUnit":"(14,83 €/l.)","imgUrl":"https://s2.dia.es/medias/h2a/h18/8856304680990.png"},{"title":"PANTENE Pro-v serum intensivo repara y protege cabello dañado bote 75 ml","price":"4,99 €","pricePerUnit":"(66,53 €/l.)","imgUrl":"https://s1.dia.es/medias/h87/h2e/9083014283294.jpg"},{"title":"SYOSS mascarilla color tech cabello teñido tarro 300 ml","price":"4,35 €","pricePerUnit":"(14,50 €/l.)","imgUrl":"https://s2.dia.es/medias/hd9/h4c/9540655513630.jpg"},{"title":"TRESEMMÉ aceite liso keratina spray 75 ml","price":"6,99 €","pricePerUnit":"(93,20 €/l.)","imgUrl":"https://s1.dia.es/medias/hdf/hf9/9253116608542.jpg"},{"title":"TRESEMMÉ Botanique tratamiento nutritivo con leche de coco y aloe spray 125 ml","price":"5,25 €","pricePerUnit":"(42,00 €/l.)","imgUrl":"https://s2.dia.es/medias/h83/h02/9248216481822.jpg"},{"title":"TRESEMMÉ mascarilla hidratación intensa tarro 300 ml","price":"5,25 €","pricePerUnit":"(10,50 €/l.)","imgUrl":"https://s1.dia.es/medias/h12/h5a/9250496806942.jpg"},{"title":"TRESEMMÉ mascarilla liso keratina tarro 300 ml","price":"5,15 €","pricePerUnit":"(17,17 €/l.)","imgUrl":"https://s0.dia.es/medias/he2/hd2/9381220745246.jpg"},{"title":"TRESEMMÉ protector del calor liso keratina spray 200 ml","price":"5,99 €","pricePerUnit":"(29,95 €/l.)","imgUrl":"https://s2.dia.es/medias/h4a/h92/9253125128222.jpg"},{"title":"TRESEMMÉ protector del calor spray 300 ml","price":"5,59 €","pricePerUnit":"(18,63 €/l.)","imgUrl":"https://s3.dia.es/medias/h72/h59/9258583654430.jpg"},{"title":"TRESEMMÉ tratamiento de choque hidratación intensa caja 3 ampollas","price":"4,99 €","pricePerUnit":"(4,99 €/ud.)","imgUrl":"https://s0.dia.es/medias/hc0/hc5/8962750611486.jpg"}]},"laca-espuma-y-fijadores":{"categoryUrl":"/compra-online/productos/perfumeria-e-higiene/cuidado-del-cabello/laca-espuma-y-fijadores/c/WEB.010.092.00586","products":[{"title":"AUSSIE fijador miracle ondas surferas spray 150 ml","price":"6,75 €","pricePerUnit":"(45,00 €/l.)","imgUrl":"https://s1.dia.es/medias/h64/h94/9052683075614.jpg"},{"title":"AXE cera fijadora signature tarro 75 ml","price":"4,79 €","pricePerUnit":"(63,87 €/l.)","imgUrl":"https://s1.dia.es/medias/h78/hdb/9107698384926.jpg"},{"title":"BONTE agua de peinado cabellos rizados spray 150 ml","price":"1,59 €","pricePerUnit":"(10,60 €/l.)","imgUrl":"https://s0.dia.es/medias/hee/hfa/9077892710430.jpg"},{"title":"BONTE espuma rizos perfectos spray 300 ml","price":"1,99 €","pricePerUnit":"(6,63 €/l.)","imgUrl":"https://s1.dia.es/medias/h33/h0d/9104447373342.jpg"},{"title":"BONTE gel fijador extra fuerte efecto mojado tubo 200 ml","price":"1,95 €","pricePerUnit":"(9,75 €/l.)","imgUrl":"https://s3.dia.es/medias/hb4/h36/8862276845598.png"},{"title":"BONTE gel fijador extra fuerte tubo 200 ml","price":"1,95 €","pricePerUnit":"(9,75 €/l.)","imgUrl":"https://s2.dia.es/medias/hed/hcd/8862317740062.png"},{"title":"BONTE gel fijador extrafuerte efecto mojado botella 200 ml","price":"1,99 €","pricePerUnit":"(9,95 €/l.)","imgUrl":"https://s2.dia.es/medias/hb8/hb0/9198660386846.jpg"},{"title":"BONTE laca classic style fijacion fuerte spray 400 ml","price":"1,55 €","pricePerUnit":"(3,88 €/l.)","imgUrl":"https://s1.dia.es/medias/h16/h26/8855962681374.png"},{"title":"BONTE laca classic style fijacion normal spray 400 ml","price":"1,50 €","pricePerUnit":"(3,75 €/l.)","imgUrl":"https://s2.dia.es/medias/h8f/h68/8855815356446.png"},{"title":"BONTE laca fijación extrafuerte spray 400 ml","price":"1,59 €","pricePerUnit":"(3,98 €/l.)","imgUrl":"https://s3.dia.es/medias/h34/hea/8961265500190.jpg"},{"title":"BONTE laca formato viaje fijación normal spray 75 ml","price":"1,00 €","pricePerUnit":"(13,33 €/l.)","imgUrl":"https://s0.dia.es/medias/h30/hbc/9095946960926.jpg"},{"title":"BONTE mousse moldeadora para cabellos teñidos botella 300 ml","price":"1,99 €","pricePerUnit":"(6,63 €/l.)","imgUrl":"https://s2.dia.es/medias/hf3/h0c/8860440264734.png"},{"title":"BONTE mousse volumen total fuerte spray 300 ml","price":"1,99 €","pricePerUnit":"(6,63 €/l.)","imgUrl":"https://s3.dia.es/medias/ha8/h65/8856535564318.png"},{"title":"CADONET laca extrafuerte spray 400 ml","price":"3,79 €","pricePerUnit":"(9,48 €/l.)","imgUrl":"https://s0.dia.es/medias/hb6/h7c/9052459499550.jpg"},{"title":"ELNETT espuma fijación extra fuerte dosificador 200 ml","price":"4,99 €","pricePerUnit":"(24,95 €/l.)","imgUrl":"https://s2.dia.es/medias/h48/h60/9489028612126.jpg"},{"title":"ELNETT espuma mousse ondas fijación normal dosificador 200 ml","price":"5,19 €","pricePerUnit":"(25,95 €/l.)","imgUrl":"https://s1.dia.es/medias/hc5/haf/9489051615262.jpg"},{"title":"ELNETT espuma rizos + fijación fuerte dosificador 200 ml","price":"5,19 €","pricePerUnit":"(25,95 €/l.)","imgUrl":"https://s2.dia.es/medias/ha9/h65/9489047027742.jpg"},{"title":"ELNETT espuma volumen + fijación fuerte dosificador 200 ml","price":"4,99 €","pricePerUnit":"(24,95 €/l.)","imgUrl":"https://s3.dia.es/medias/hcc/h72/9489057251358.jpg"},{"title":"ELNETT laca fijación fuerte formato viaje spray 75 ml","price":"3,49 €","pricePerUnit":"(46,53 €/l.)","imgUrl":"https://s2.dia.es/medias/h8c/h12/9489002004510.jpg"},{"title":"ELNETT laca fijación fuerte spray 300 ml","price":"5,99 €","pricePerUnit":"(19,97 €/l.)","imgUrl":"https://s1.dia.es/medias/h37/ha9/9236508966942.jpg"},{"title":"ELNETT laca fijación fuerte spray 400 ml","price":"6,99 €","pricePerUnit":"(17,48 €/l.)","imgUrl":"https://s2.dia.es/medias/h08/h18/9489058562078.jpg"},{"title":"ELNETT laca fijación normal spray 400 ml","price":"6,99 €","pricePerUnit":"(17,48 €/l.)","imgUrl":"https://s0.dia.es/medias/h71/h19/9489009213470.jpg"},{"title":"ELNETT laca fijación ultra fuerte lumière efecto sublimador spray 400 ml","price":"7,65 €","pricePerUnit":"(19,13 €/l.)","imgUrl":"https://s1.dia.es/medias/hb2/hae/9489060954142.jpg"},{"title":"ELNETT laca fijación volumen antihumedad y protector del calor spray 170 ml","price":"6,29 €","pricePerUnit":"(37,00 €/l.)","imgUrl":"https://s0.dia.es/medias/h78/h5e/9489041653790.jpg"},{"title":"ELVIVE crema de peinado aceite extraordinario de rizos bote 200 ml","price":"4,89 €","pricePerUnit":"(24,45 €/l.)","imgUrl":"https://s3.dia.es/medias/h0d/hc9/9650334826526.jpg"},{"title":"FIXPRAY laca fijación extrafuerte todo tipo de cabello spray 400 ml","price":"2,99 €","pricePerUnit":"(7,48 €/l.)","imgUrl":"https://s2.dia.es/medias/hd7/h68/9052672851998.jpg"},{"title":"FIXPRAY laca fijación normal cabello seco/normal spray 400 ml","price":"2,99 €","pricePerUnit":"(7,48 €/l.)","imgUrl":"https://s3.dia.es/medias/h19/hf7/9052654174238.jpg"},{"title":"FRIZZ EASE laca fijación fuerte antihumedad spray 250 ml","price":"5,99 €","pricePerUnit":"(23,96 €/l.)","imgUrl":"https://s2.dia.es/medias/h8b/hfc/9546648649758.jpg"},{"title":"FRIZZ EASE perfeccionador de rizos spray 200 ml","price":"7,79 €","pricePerUnit":"(38,95 €/l.)","imgUrl":"https://s1.dia.es/medias/hb4/h29/8990597775390.jpg"},{"title":"FRUCTIS espuma melena abundantemaximiza el volumen de tu pelo spray 200 ml","price":"2,95 €","pricePerUnit":"(14,75 €/l.)","imgUrl":"https://s0.dia.es/medias/h33/h0f/9080241553438.jpg"},{"title":"FRUCTIS Style cera fijadora de peinado fuerte tarro 75 ml","price":"4,29 €","pricePerUnit":"(57,20 €/l.)","imgUrl":"https://s1.dia.es/medias/h2f/h56/9083001274398.jpg"},{"title":"FRUCTIS Style espuma hidra rizos 5 acciones rizos perfectos spray 200 ml","price":"2,95 €","pricePerUnit":"(14,75 €/l.)","imgUrl":"https://s3.dia.es/medias/h3f/h43/9052566913054.jpg"},{"title":"FRUCTIS Style espuma hidra rizos marcados y bien definidos spray 200 ml","price":"3,85 €","pricePerUnit":"(19,25 €/l.)","imgUrl":"https://s1.dia.es/medias/h25/hf9/9052462120990.jpg"},{"title":"FRUCTIS Style espuma volumen máximo extrafuerte spray 200 ml","price":"2,95 €","pricePerUnit":"(14,75 €/l.)","imgUrl":"https://s3.dia.es/medias/h13/h1f/9052465725470.jpg"},{"title":"FRUCTIS Style gel Estructurante fijación extra-fuerte tubo 200 ml","price":"2,75 €","pricePerUnit":"(13,75 €/l.)","imgUrl":"https://s3.dia.es/medias/he7/h8d/9053834313758.jpg"},{"title":"FRUCTIS Style gel fijador efecto mojado larga duración fuerte tubo 200 ml","price":"2,75 €","pricePerUnit":"(13,75 €/l.)","imgUrl":"https://s1.dia.es/medias/hcb/h2a/9052627959838.jpg"},{"title":"FRUCTIS Style gel fijador extremo tubo 200 ml","price":"2,00 €","pricePerUnit":"(10,00 €/l.)","imgUrl":"https://s0.dia.es/medias/h95/h3c/8999865450526.jpg"},{"title":"FRUCTIS Style gel fijador hard cemento fijación absoluta tubo 200 ml","price":"3,85 €","pricePerUnit":"(19,25 €/l.)","imgUrl":"https://s1.dia.es/medias/h1a/h6c/9052442066974.jpg"},{"title":"GIORGI LINE cera fijadora efecto brillo extra fuerte tarro 75 ml","price":"3,65 €","pricePerUnit":"(48,67 €/l.)","imgUrl":"https://s2.dia.es/medias/h76/hbb/9568964837406.jpg"},{"title":"GIORGI LINE cera fijadora efecto mate extra fuerte tarro 75 ml","price":"3,65 €","pricePerUnit":"(48,67 €/l.)","imgUrl":"https://s3.dia.es/medias/he0/h6b/9568964509726.jpg"},{"title":"GIORGI LINE cera fijadora en gel ultra fuerte tubo 145 ml","price":"3,75 €","pricePerUnit":"(25,86 €/l.)","imgUrl":"https://s1.dia.es/medias/hdb/hc5/9603753967646.jpg"},{"title":"GIORGI LINE crema peinado look tupé fijación extrema tarro 125 ml","price":"4,19 €","pricePerUnit":"(33,52 €/l.)","imgUrl":"https://s0.dia.es/medias/he5/h33/9568149602334.jpg"},{"title":"GIORGI LINE espuma fijadora efecto mojado extrafuerte spray 210 ml","price":"2,45 €","pricePerUnit":"(11,67 €/l.)","imgUrl":"https://s3.dia.es/medias/h5f/h5d/9052580642846.jpg"},{"title":"GIORGI LINE espuma fijadora en crema sublime fijación 3 spray 150 ml","price":"3,75 €","pricePerUnit":"(25,00 €/l.)","imgUrl":"https://s2.dia.es/medias/h2a/hd7/9603798499358.jpg"},{"title":"GIORGI LINE espuma fijadora perfect fix extrafuerte 24 hrs spray 200 ml","price":"2,59 €","pricePerUnit":"(12,33 €/l.)","imgUrl":"https://s0.dia.es/medias/h1f/had/9568057196574.jpg"},{"title":"GIORGI LINE espuma fijadora rizo marcado ultra fuerte formato viaje spray 100 ml","price":"1,50 €","pricePerUnit":"(15,00 €/l.)","imgUrl":"https://s3.dia.es/medias/h5a/h25/9521938497566.jpg"},{"title":"GIORGI LINE espuma fijadora rizo marcado ultra fuerte spray 210 ml","price":"2,29 €","pricePerUnit":"(10,90 €/l.)","imgUrl":"https://s3.dia.es/medias/hf0/hfb/9093760319518.jpg"},{"title":"GIORGI LINE espuma fijadora rizos descarados bb style extrafuerte spray 210 ml","price":"2,45 €","pricePerUnit":"(11,67 €/l.)","imgUrl":"https://s3.dia.es/medias/h17/hfd/9052470312990.jpg"},{"title":"GIORGI LINE gel fijación xtrema tubo 165 ml","price":"2,45 €","pricePerUnit":"(14,85 €/l.)","imgUrl":"https://s0.dia.es/medias/h30/hfc/9568124305438.jpg"},{"title":"GIORGI LINE gel fijador absolut titanium indestructible tubo 165 ml","price":"2,45 €","pricePerUnit":"(14,85 €/l.)","imgUrl":"https://s3.dia.es/medias/hf6/hbc/9508908924958.jpg"},{"title":"GIORGI LINE gel fijador control total máxima fijación bote 250 ml","price":"3,19 €","pricePerUnit":"(12,76 €/l.)","imgUrl":"https://s2.dia.es/medias/h39/hb7/9568771309598.jpg"},{"title":"GIORGI LINE gel fijador efecto mojado extrafuerte brillante tubo 165 ml","price":"2,59 €","pricePerUnit":"(15,70 €/l.)","imgUrl":"https://s0.dia.es/medias/h61/h21/9568178241566.jpg"},{"title":"GIORGI LINE gel fijador perfect fix 24 hrs extrafuerte bote 250 ml","price":"3,19 €","pricePerUnit":"(12,76 €/l.)","imgUrl":"https://s3.dia.es/medias/h31/h48/9568354926622.jpg"},{"title":"GIORGI LINE gel fijador perfect fix 24 hrs extrafuerte tubo 165 ml","price":"2,45 €","pricePerUnit":"(14,85 €/l.)","imgUrl":"https://s0.dia.es/medias/hc2/hb9/9568201703454.jpg"},{"title":"GIORGI LINE gel fijador perfect fix 48 hrs fuerte tubo 150 ml","price":"2,45 €","pricePerUnit":"(16,33 €/l.)","imgUrl":"https://s0.dia.es/medias/hf0/hb2/9568456048670.jpg"},{"title":"GIORGI LINE gel fijador perfect fix extra fuerte formato viaje tubo 50 ml","price":"1,50 €","pricePerUnit":"(30,00 €/l.)","imgUrl":"https://s2.dia.es/medias/h4a/ha5/9508903682078.jpg"},{"title":"GIORGI LINE laca perfect fix antiencrespamiento spray 400 ml","price":"3,19 €","pricePerUnit":"(7,98 €/l.)","imgUrl":"https://s3.dia.es/medias/h58/h70/9521964515358.jpg"},{"title":"GIORGI LINE laca ultra fuerte maxi volumen spray 400 ml","price":"3,19 €","pricePerUnit":"(7,98 €/l.)","imgUrl":"https://s1.dia.es/medias/h34/h89/9521963859998.jpg"},{"title":"GOT2B arcilla texturizante tarro 75 ml","price":"4,85 €","pricePerUnit":"(64,67 €/l.)","imgUrl":"https://s3.dia.es/medias/h8f/ha5/9110083272734.jpg"},{"title":"GOT2B espuma rizos perfectos spray 250 ml","price":"4,99 €","pricePerUnit":"(19,96 €/l.)","imgUrl":"https://s1.dia.es/medias/h9a/h76/9110078685214.jpg"},{"title":"GOT2B gel fijador tubo 150 ml","price":"4,99 €","pricePerUnit":"(33,27 €/l.)","imgUrl":"https://s1.dia.es/medias/h30/h7c/9536321060894.jpg"},{"title":"GOT2B laca fijación fuerte spray 300 ml","price":"5,25 €","pricePerUnit":"(17,50 €/l.)","imgUrl":"https://s3.dia.es/medias/hec/h05/9110096052254.jpg"},{"title":"GOT2B pasta mate fijadora beach boy tarro 100 ml","price":"4,89 €","pricePerUnit":"(48,90 €/l.)","imgUrl":"https://s2.dia.es/medias/hc3/h70/9577470394398.jpg"},{"title":"GOT2B polvo texturizante y volumen caja 10 gr","price":"4,89 €","pricePerUnit":"(489,00 €/Kg.)","imgUrl":"https://s0.dia.es/medias/h8a/h9d/9110062366750.jpg"},{"title":"GOT2B volumen escandaloso spray 300 ml","price":"5,29 €","pricePerUnit":"(17,63 €/l.)","imgUrl":"https://s1.dia.es/medias/h6c/h7b/9110106996766.jpg"},{"title":"GRAFIC espuma aviva rizos fijación normal spray 200 ml","price":"3,85 €","pricePerUnit":"(19,25 €/l.)","imgUrl":"https://s0.dia.es/medias/h8f/h44/9052466053150.jpg"},{"title":"GRAFIC gel fijador efecto cemento tarro 300 ml","price":"3,65 €","pricePerUnit":"(12,17 €/l.)","imgUrl":"https://s0.dia.es/medias/h7c/haa/9561293750302.jpg"},{"title":"HERBAL Bio natural crema de peinado definidora de rizos bote 200 ml","price":"2,99 €","pricePerUnit":"(14,95 €/l.)","imgUrl":"https://s0.dia.es/medias/ha4/h4f/8857961955358.png"},{"title":"HERBAL Bio natural gel fijación cabello rizo tubo 200 ml","price":"3,99 €","pricePerUnit":"(19,95 €/l.)","imgUrl":"https://s2.dia.es/medias/ha0/h4a/9125461098526.jpg"},{"title":"JUNIORSMILE gel fijador infantil suave aroma frutal tubo 125 ml","price":"1,69 €","pricePerUnit":"(13,52 €/l.)","imgUrl":"https://s1.dia.es/medias/hc1/h7a/8972959547422.jpg"},{"title":"LLONGUERAS Men advanced cera de peinado tarro 85 ml","price":"3,65 €","pricePerUnit":"(42,94 €/l.)","imgUrl":"https://s3.dia.es/medias/h9f/h4c/9165534527518.jpg"},{"title":"NELLY agua de peinado spray 200 ml","price":"3,00 €","pricePerUnit":"(15,00 €/l.)","imgUrl":"https://s2.dia.es/medias/hc9/h5a/8969269444638.jpg"},{"title":"NELLY cera fijadora tarro 100 ml","price":"3,65 €","pricePerUnit":"(36,50 €/l.)","imgUrl":"https://s1.dia.es/medias/h04/h00/8969268133918.jpg"},{"title":"NELLY espuma antiencrespamiento fijación extrafuerte formato viaje spray 75 ml","price":"1,50 €","pricePerUnit":"(20,00 €/l.)","imgUrl":"https://s2.dia.es/medias/had/h26/9478828163102.jpg"},{"title":"NELLY laca antiencrespamiento spray 400 ml","price":"1,99 €","pricePerUnit":"(4,98 €/l.)","imgUrl":"https://s2.dia.es/medias/h95/hf8/9095985889310.jpg"},{"title":"NELLY laca classic de bolso spray 125 ml","price":"1,69 €","pricePerUnit":"(13,52 €/l.)","imgUrl":"https://s1.dia.es/medias/hc0/h64/9096018067486.jpg"},{"title":"NELLY laca classic formato viaje spray 75 ml","price":"1,50 €","pricePerUnit":"(20,00 €/l.)","imgUrl":"https://s3.dia.es/medias/h44/hd8/8946473140254.png"},{"title":"NELLY laca classic spray 750 ml","price":"4,25 €","pricePerUnit":"(5,67 €/l.)","imgUrl":"https://s2.dia.es/medias/hbe/h4a/8857115394078.png"},{"title":"NELLY laca fijación fuerte spray 400 ml","price":"1,79 €","pricePerUnit":"(4,48 €/l.)","imgUrl":"https://s2.dia.es/medias/h84/h70/8856426971166.png"},{"title":"NELLY laca fijación normal spray 400 ml","price":"1,99 €","pricePerUnit":"(4,98 €/l.)","imgUrl":"https://s0.dia.es/medias/h35/h16/9095954366494.jpg"},{"title":"PANTENE Pro-v espuma fijación extra fuerte todo tipo de cabellos spray 250 ml","price":"3,95 €","pricePerUnit":"(15,80 €/l.)","imgUrl":"https://s2.dia.es/medias/hbc/hde/9095911964702.jpg"},{"title":"PANTENE Pro-v espuma rizos perfectos definidos todo el día spray 250 ml","price":"3,95 €","pricePerUnit":"(15,80 €/l.)","imgUrl":"https://s0.dia.es/medias/he4/hb3/9095912554526.jpg"},{"title":"PANTENE Pro-v espuma suave y liso spray 250 ml","price":"3,95 €","pricePerUnit":"(15,80 €/l.)","imgUrl":"https://s2.dia.es/medias/h9f/h48/9080255643678.jpg"},{"title":"PANTENE Pro-v espuma volumen perfecto spray 250 ml","price":"3,95 €","pricePerUnit":"(15,80 €/l.)","imgUrl":"https://s3.dia.es/medias/hf5/h81/9080209309726.jpg"},{"title":"PANTENE Pro-v laca fijación ultra fuerte todo tipo de cabellos spray 300 ml","price":"3,95 €","pricePerUnit":"(13,17 €/l.)","imgUrl":"https://s0.dia.es/medias/hf5/h84/9080314363934.jpg"},{"title":"PANTENE Pro-v laca liso y suave fijación ultrafuerte y duradera spray 300 ml","price":"3,95 €","pricePerUnit":"(13,17 €/l.)","imgUrl":"https://s0.dia.es/medias/hd5/h00/9080318033950.jpg"},{"title":"PANTENE Pro-v laca protect and stlyle fijación extra fuerte spray 300 ml","price":"3,95 €","pricePerUnit":"(13,17 €/l.)","imgUrl":"https://s3.dia.es/medias/h65/h77/9080303550494.jpg"},{"title":"PANTENE Pro-v laca rizos definidos spray 300 ml","price":"3,95 €","pricePerUnit":"(13,17 €/l.)","imgUrl":"https://s0.dia.es/medias/hcc/h20/9080306827294.jpg"},{"title":"PANTENE Pro-v laca volumen perfecto spray 300 ml","price":"3,95 €","pricePerUnit":"(13,17 €/l.)","imgUrl":"https://s1.dia.es/medias/h4b/h75/9080197840926.jpg"},{"title":"POLY SWING espuma moldeadora fijación extrafuerte sin apelmazar spray 200 ml","price":"1,50 €","pricePerUnit":"(7,50 €/l.)","imgUrl":"https://s3.dia.es/medias/hb0/h26/8856583274526.png"},{"title":"POLY SWING gel fijador bote 300 ml","price":"3,29 €","pricePerUnit":"(10,97 €/l.)","imgUrl":"https://s1.dia.es/medias/h96/h1f/9536039976990.jpg"},{"title":"POLY SWING gel fijador maxx power bote 300 ml","price":"3,29 €","pricePerUnit":"(10,97 €/l.)","imgUrl":"https://s1.dia.es/medias/h0f/h8b/9535888785438.jpg"},{"title":"RYELLISS abrillantador del cabello tubo 75 ml","price":"3,59 €","pricePerUnit":"(47,87 €/l.)","imgUrl":"https://s1.dia.es/medias/h58/h02/9022725521438.jpg"},{"title":"STUDIO LINE cera indestructible moldeadora fijación extrafuerte tarro 75 ml","price":"4,99 €","pricePerUnit":"(66,53 €/l.)","imgUrl":"https://s2.dia.es/medias/he7/hfa/9489053581342.jpg"},{"title":"STUDIO LINE cera moldeadora brillante efecto definido tarro 75 ml","price":"4,99 €","pricePerUnit":"(66,53 €/l.)","imgUrl":"https://s3.dia.es/medias/hcc/ha6/9489204543518.jpg"},{"title":"STUDIO LINE crema-fibra out of bed efecto despeinado tarro 150 ml","price":"4,99 €","pricePerUnit":"(33,27 €/l.)","imgUrl":"https://s0.dia.es/medias/hf1/h82/9489221255198.jpg"},{"title":"STUDIO LINE espuma rizos perfectos antihumedad spray 200 ml","price":"4,99 €","pricePerUnit":"(24,95 €/l.)","imgUrl":"https://s1.dia.es/medias/h6e/hb1/9489072226334.jpg"},{"title":"STUDIO LINE gel invisible extrafuerte 24 h textura deslizante tubo 150 ml","price":"3,79 €","pricePerUnit":"(25,27 €/l.)","imgUrl":"https://s2.dia.es/medias/hba/hf6/9488999317534.jpg"},{"title":"STUDIO LINE gel pure wet efecto mojado 24 hrs de duración tubo 150 ml","price":"4,99 €","pricePerUnit":"(33,27 €/l.)","imgUrl":"https://s3.dia.es/medias/hcc/hf3/9489073537054.jpg"},{"title":"SUNSILK laca fijacion cabellos teñidos spray 400 ml","price":"2,75 €","pricePerUnit":"(6,88 €/l.)","imgUrl":"https://s1.dia.es/medias/h79/he0/9052459827230.jpg"}]},"tintes-y-coloracion":{"categoryUrl":"/compra-online/productos/perfumeria-e-higiene/cuidado-del-cabello/tintes-y-coloracion/c/WEB.010.092.00590","products":[{"title":"BONTE tinte Caoba Nº 5.6 caja 1 ud","price":"3,19 €","pricePerUnit":"(3,19 €/ud.)","imgUrl":"https://s1.dia.es/medias/hc3/h05/8860535685150.png"},{"title":"BONTE tinte Castaño Claro Nº 5 caja 1 ud","price":"3,19 €","pricePerUnit":"(3,19 €/ud.)","imgUrl":"https://s3.dia.es/medias/hc5/haf/8860533063710.png"},{"title":"BONTE tinte Castaño Oscuro Nº 3 caja 1 ud","price":"3,19 €","pricePerUnit":"(3,19 €/ud.)","imgUrl":"https://s2.dia.es/medias/ha9/ha3/8860575137822.png"},{"title":"BONTE tinte Chocolate Nº 5.53 caja 1 ud","price":"3,19 €","pricePerUnit":"(3,19 €/ud.)","imgUrl":"https://s1.dia.es/medias/h24/h6f/8860419817502.png"},{"title":"BONTE tinte Marrón Glacé Claro Nº 75 caja 1 ud","price":"3,19 €","pricePerUnit":"(3,19 €/ud.)","imgUrl":"https://s0.dia.es/medias/he9/h84/8860467003422.png"},{"title":"BONTE tinte Negro Nº 1 caja 1 ud","price":"3,19 €","pricePerUnit":"(3,19 €/ud.)","imgUrl":"https://s0.dia.es/medias/h5a/hbe/8860490072094.png"},{"title":"BONTE tinte Rubio Claro Dorado Nº 8.3 caja 1 ud","price":"3,19 €","pricePerUnit":"(3,19 €/ud.)","imgUrl":"https://s3.dia.es/medias/hf8/h25/8860586672158.png"},{"title":"BONTE tinte Rubio Claro Nº 8 caja 1 ud","price":"3,19 €","pricePerUnit":"(3,19 €/ud.)","imgUrl":"https://s2.dia.es/medias/hdb/h89/8860537782302.png"},{"title":"BONTE tinte Rubio Nº 7 caja 1 ud","price":"3,19 €","pricePerUnit":"(3,19 €/ud.)","imgUrl":"https://s1.dia.es/medias/h12/h46/8860484829214.png"},{"title":"BONTE tinte Rubio Oscuro Nº 6 caja 1 ud","price":"3,19 €","pricePerUnit":"(3,19 €/ud.)","imgUrl":"https://s1.dia.es/medias/hd5/h48/8860465430558.png"},{"title":"CASTING CREME GLOSS tinte Caoba Nº 550 caja 1 ud","price":"6,99 €","pricePerUnit":"(6,99 €/ud.)","imgUrl":"https://s2.dia.es/medias/h5d/h2c/9652571635742.jpg"},{"title":"CASTING CREME GLOSS tinte Castaño Chocolate Nº 515 caja 1 ud","price":"6,79 €","pricePerUnit":"(6,79 €/ud.)","imgUrl":"https://s3.dia.es/medias/he9/hce/9652607352862.jpg"},{"title":"CASTING CREME GLOSS tinte Castaño Claro Nº 500 caja 1 ud","price":"6,99 €","pricePerUnit":"(6,99 €/ud.)","imgUrl":"https://s3.dia.es/medias/hbd/h45/9652498694174.jpg"},{"title":"CASTING CREME GLOSS tinte Castaño Dorado Nº 503 caja 1 ud","price":"6,99 €","pricePerUnit":"(6,99 €/ud.)","imgUrl":"https://s3.dia.es/medias/h0b/h39/9652447903774.jpg"},{"title":"CASTING CREME GLOSS tinte Castaño Helado Nº 415 caja 1 ud","price":"6,99 €","pricePerUnit":"(6,99 €/ud.)","imgUrl":"https://s1.dia.es/medias/hb5/h50/9652572356638.jpg"},{"title":"CASTING CREME GLOSS tinte Castaño Miel Nº 634 caja 1 ud","price":"6,99 €","pricePerUnit":"(6,99 €/ud.)","imgUrl":"https://s2.dia.es/medias/h5a/h32/9652519141406.jpg"},{"title":"CASTING CREME GLOSS tinte Castaño Nº 400 caja 1 ud","price":"6,99 €","pricePerUnit":"(6,99 €/ud.)","imgUrl":"https://s2.dia.es/medias/hcc/h5f/9652522090526.jpg"},{"title":"CASTING CREME GLOSS tinte Castaño Oscuro Nº 300 caja 1 ud","price":"6,99 €","pricePerUnit":"(6,99 €/ud.)","imgUrl":"https://s1.dia.es/medias/he8/h27/9652603748382.jpg"},{"title":"CASTING CREME GLOSS tinte Castaño Rojizo Nº 426 caja 1 ud","price":"6,99 €","pricePerUnit":"(6,99 €/ud.)","imgUrl":"https://s2.dia.es/medias/hf2/h7b/9652494696478.jpg"},{"title":"CASTING CREME GLOSS tinte Cereza Negra Nº 360 caja 1 ud","price":"6,99 €","pricePerUnit":"(6,99 €/ud.)","imgUrl":"https://s0.dia.es/medias/h68/h64/9652468088862.jpg"},{"title":"CASTING CREME GLOSS tinte Chocolate Negro Nº 323 caja 1 ud","price":"6,99 €","pricePerUnit":"(6,99 €/ud.)","imgUrl":"https://s0.dia.es/medias/h80/hd0/9652606369822.jpg"},{"title":"CASTING CREME GLOSS tinte Chocolate Nº 535 caja 1 ud","price":"6,99 €","pricePerUnit":"(6,99 €/ud.)","imgUrl":"https://s2.dia.es/medias/hd4/h71/9652650147870.jpg"},{"title":"CASTING CREME GLOSS tinte Chocolate Picante Nº 554 caja 1 ud","price":"6,99 €","pricePerUnit":"(6,99 €/ud.)","imgUrl":"https://s1.dia.es/medias/hd4/h64/9652574978078.jpg"},{"title":"CASTING CREME GLOSS tinte Negro Azulado Nº 210 caja 1 ud","price":"6,99 €","pricePerUnit":"(6,99 €/ud.)","imgUrl":"https://s0.dia.es/medias/hd8/hdd/9652569014302.jpg"},{"title":"CASTING CREME GLOSS tinte Negro Ébano Nº 200 caja 1 ud","price":"6,99 €","pricePerUnit":"(6,99 €/ud.)","imgUrl":"https://s0.dia.es/medias/h18/hcb/9652493058078.jpg"},{"title":"CASTING CREME GLOSS tinte Rojo Baya Nº 565 caja 1 ud","price":"6,99 €","pricePerUnit":"(6,99 €/ud.)","imgUrl":"https://s2.dia.es/medias/h7d/ha9/9652527398942.jpg"},{"title":"CASTING CREME GLOSS tinte Rubio Dorado Nº 834 caja 1 ud","price":"6,99 €","pricePerUnit":"(6,99 €/ud.)","imgUrl":"https://s3.dia.es/medias/h7f/h1a/9652548894750.jpg"},{"title":"CASTING CREME GLOSS tinte Rubio Nº 700 caja 1 ud","price":"6,79 €","pricePerUnit":"(6,79 €/ud.)","imgUrl":"https://s1.dia.es/medias/h72/h80/9652619477022.jpg"},{"title":"CASTING CREME GLOSS tinte Rubio Oscuro Nº 600 caja 1 ud","price":"6,99 €","pricePerUnit":"(6,99 €/ud.)","imgUrl":"https://s2.dia.es/medias/h21/hb0/9652625244190.jpg"},{"title":"CASTING CREME GLOSS tinte Violín Nº 316 caja 1 ud","price":"6,99 €","pricePerUnit":"(6,99 €/ud.)","imgUrl":"https://s0.dia.es/medias/hda/hdb/9652475035678.jpg"},{"title":"CASTING CREME GLOSS tinte Ámbar Nº 645 caja 1 ud","price":"6,99 €","pricePerUnit":"(6,99 €/ud.)","imgUrl":"https://s2.dia.es/medias/h03/h96/9652557807646.jpg"},{"title":"CASTING SUNKISS TROPICAL tinte efecto aclarado por el sol caja 1 ud","price":"6,99 €","pricePerUnit":"(6,99 €/ud.)","imgUrl":"https://s0.dia.es/medias/h4a/h9e/9651458637854.jpg"},{"title":"COLOR SENSATION tinte Castaño Canela Nº 5,35 caja 1 ud","price":"3,75 €","pricePerUnit":"(3,75 €/ud.)","imgUrl":"https://s3.dia.es/medias/h54/hbe/9652627931166.jpg"},{"title":"COLOR SENSATION tinte Castaño Cashemire Nº 5,52 caja 1 ud","price":"3,75 €","pricePerUnit":"(3,75 €/ud.)","imgUrl":"https://s2.dia.es/medias/h59/h7e/9652462452766.jpg"},{"title":"COLOR SENSATION tinte Castaño Luminoso Nº 5,0 caja 1 ud","price":"3,75 €","pricePerUnit":"(3,75 €/ud.)","imgUrl":"https://s0.dia.es/medias/h73/h45/9652488798238.jpg"},{"title":"COLOR SENSATION tinte Castaño Nº 4,0 caja 1 ud","price":"3,75 €","pricePerUnit":"(3,75 €/ud.)","imgUrl":"https://s1.dia.es/medias/ha1/h39/9652606042142.jpg"},{"title":"COLOR SENSATION tinte Castaño Oscuro Nº 3,0 caja 1 ud","price":"3,75 €","pricePerUnit":"(3,75 €/ud.)","imgUrl":"https://s2.dia.es/medias/hb0/hea/9652647460894.jpg"},{"title":"COLOR SENSATION tinte Chocolate  Nº 4.15 caja 1 ud","price":"3,75 €","pricePerUnit":"(3,75 €/ud.)","imgUrl":"https://s2.dia.es/medias/h0e/h42/9652585922590.jpg"},{"title":"COLOR SENSATION tinte Espresso Nº 5,15 caja 1 ud","price":"3,75 €","pricePerUnit":"(3,75 €/ud.)","imgUrl":"https://s2.dia.es/medias/hd6/h22/9652494041118.jpg"},{"title":"COLOR SENSATION tinte Intensisimo Dulce de Leche Nº 3 caja 1 ud","price":"3,75 €","pricePerUnit":"(3,75 €/ud.)","imgUrl":"https://s2.dia.es/medias/h69/hc1/9652650475550.jpg"},{"title":"COLOR SENSATION tinte Negro Azulado Nº 2,1 caja 1 ud","price":"3,75 €","pricePerUnit":"(3,75 €/ud.)","imgUrl":"https://s2.dia.es/medias/h06/h79/9652642480158.jpg"},{"title":"COLOR SENSATION tinte Rubio Caramelo Nº 6,35 caja 1 ud","price":"3,75 €","pricePerUnit":"(3,75 €/ud.)","imgUrl":"https://s0.dia.es/medias/h34/hd5/9652465401886.jpg"},{"title":"COLOR SENSATION tinte Rubio Claro Nácar Nº 9,13 caja 1 ud","price":"3,75 €","pricePerUnit":"(3,75 €/ud.)","imgUrl":"https://s0.dia.es/medias/h38/hf0/9652513505310.jpg"},{"title":"COLOR SENSATION tinte Rubio Diamante Nº 7.1 caja 1 ud","price":"3,75 €","pricePerUnit":"(3,75 €/ud.)","imgUrl":"https://s3.dia.es/medias/h7e/h67/9652561084446.jpg"},{"title":"COLOR SENSATION tinte Rubio Dorado Nº 7,3 caja 1 ud","price":"3,75 €","pricePerUnit":"(3,75 €/ud.)","imgUrl":"https://s2.dia.es/medias/h2f/h02/9652529365022.jpg"},{"title":"COLOR SENSATION tinte Rubio extra Claro Nº 110 caja 1 ud","price":"3,75 €","pricePerUnit":"(3,75 €/ud.)","imgUrl":"https://s1.dia.es/medias/h6a/h69/9652625899550.jpg"},{"title":"COLOR SENSATION tinte Rubio Luminoso Nº 8,0 caja 1 ud","price":"3,75 €","pricePerUnit":"(3,75 €/ud.)","imgUrl":"https://s0.dia.es/medias/h66/hd7/9652555448350.jpg"},{"title":"COLOR SENSATION tinte Rubio Nº 7,0 caja 1 ud","price":"3,75 €","pricePerUnit":"(3,75 €/ud.)","imgUrl":"https://s1.dia.es/medias/hf4/h5c/9652528054302.jpg"},{"title":"COLOR SENSATION tinte Rubio Oscuro Nº 6,0 caja 1 ud","price":"3,69 €","pricePerUnit":"(3,69 €/ud.)","imgUrl":"https://s2.dia.es/medias/he5/hdb/9652582252574.jpg"},{"title":"COLOR SENSATION tinte Rubio Platino Ceniza Nº S9 caja 1 ud","price":"3,75 €","pricePerUnit":"(3,75 €/ud.)","imgUrl":"https://s2.dia.es/medias/hb0/hb3/9652511866910.jpg"},{"title":"COLOR SENSATION tinte Rubio Terracota Nº 6.42 caja 1 ud","price":"3,75 €","pricePerUnit":"(3,75 €/ud.)","imgUrl":"https://s2.dia.es/medias/hc5/hd2/9652485193758.jpg"},{"title":"COLOR SENSATION tinte Ultra Negro Nº 1,0 caja 1 ud","price":"3,69 €","pricePerUnit":"(3,69 €/ud.)","imgUrl":"https://s2.dia.es/medias/hf2/h91/9652579303454.jpg"},{"title":"COLOR SENSATION tinte Violín Nº 3,16 caja 1 ud","price":"3,75 €","pricePerUnit":"(3,75 €/ud.)","imgUrl":"https://s1.dia.es/medias/h82/h1f/9652545290270.jpg"},{"title":"COLORCREM Blonde box tinte kit creativo caja 1 ud","price":"6,15 €","pricePerUnit":"(6,15 €/ud.)","imgUrl":"https://s1.dia.es/medias/h52/h60/9104399925278.jpg"},{"title":"COLORCREM Decolorante caja 1 ud","price":"4,99 €","pricePerUnit":"(4,99 €/ud.)","imgUrl":"https://s0.dia.es/medias/he6/h09/9082007027742.jpg"},{"title":"COLORCREM tinte Caoba Nº 56 caja 1 ud","price":"4,99 €","pricePerUnit":"(4,99 €/ud.)","imgUrl":"https://s2.dia.es/medias/h42/h8e/9557376696350.jpg"},{"title":"COLORCREM tinte caoba retoca raíces expres spray 75 ml","price":"3,99 €","pricePerUnit":"(53,20 €/l.)","imgUrl":"https://s3.dia.es/medias/hdf/h0e/9107631865886.jpg"},{"title":"COLORCREM tinte Castaño Claro Nº 50 caja 1 ud","price":"4,99 €","pricePerUnit":"(4,99 €/ud.)","imgUrl":"https://s1.dia.es/medias/he2/h1d/9557365227550.jpg"},{"title":"COLORCREM tinte Castaño Nº 40 caja 1 ud","price":"4,99 €","pricePerUnit":"(4,99 €/ud.)","imgUrl":"https://s3.dia.es/medias/hf2/hee/9557360967710.jpg"},{"title":"COLORCREM tinte Castaño Oscuro Nº 30 caja 1 ud","price":"4,99 €","pricePerUnit":"(4,99 €/ud.)","imgUrl":"https://s1.dia.es/medias/h5d/h76/9557370142750.jpg"},{"title":"COLORCREM tinte Chocolate Rojo Intenso Nº 6.66 caja 1 ud","price":"4,95 €","pricePerUnit":"(4,95 €/ud.)","imgUrl":"https://s2.dia.es/medias/hba/hea/9104401170462.jpg"},{"title":"COLORCREM tinte Cobrizo Nº 6.43 caja 1 ud","price":"4,99 €","pricePerUnit":"(4,99 €/ud.)","imgUrl":"https://s1.dia.es/medias/h5f/h4d/9181580492830.jpg"},{"title":"COLORCREM tinte Marrón Chocolate Nº 57 caja 1 ud","price":"4,89 €","pricePerUnit":"(4,89 €/ud.)","imgUrl":"https://s1.dia.es/medias/h4e/hf1/9104448946206.jpg"},{"title":"COLORCREM tinte Marrón Glace Claro Nº 77 caja 1 ud","price":"4,99 €","pricePerUnit":"(4,99 €/ud.)","imgUrl":"https://s2.dia.es/medias/h9a/h28/9557377024030.jpg"},{"title":"COLORCREM tinte Marrón Moka Nº 74 caja 1 ud","price":"4,99 €","pricePerUnit":"(4,99 €/ud.)","imgUrl":"https://s0.dia.es/medias/h98/hfc/9557350088734.jpg"},{"title":"COLORCREM tinte Marrón Praliné Nº 78 caja 1 ud","price":"4,99 €","pricePerUnit":"(4,99 €/ud.)","imgUrl":"https://s2.dia.es/medias/h6b/h82/9557374402590.jpg"},{"title":"COLORCREM tinte marrón retoca raíces expres spray 75 ml","price":"3,99 €","pricePerUnit":"(53,20 €/l.)","imgUrl":"https://s0.dia.es/medias/hca/h1a/9107596607518.jpg"},{"title":"COLORCREM tinte negro intenso Nº 10 caja 1 ud","price":"4,95 €","pricePerUnit":"(4,95 €/ud.)","imgUrl":"https://s2.dia.es/medias/h5c/h75/9557381939230.jpg"},{"title":"COLORCREM tinte negro retoca raíces expres spray 75 ml","price":"3,99 €","pricePerUnit":"(53,20 €/l.)","imgUrl":"https://s1.dia.es/medias/he4/h47/9107595624478.jpg"},{"title":"COLORCREM tinte Rubio Caramelo Nº 79 caja 1 ud","price":"4,99 €","pricePerUnit":"(4,99 €/ud.)","imgUrl":"https://s0.dia.es/medias/hbe/h99/9557369815070.jpg"},{"title":"COLORCREM tinte Rubio Ceniza Nº 71 caja 1 ud","price":"4,99 €","pricePerUnit":"(4,99 €/ud.)","imgUrl":"https://s2.dia.es/medias/h95/h35/9557377351710.jpg"},{"title":"COLORCREM tinte Rubio Clarisimo Nº 90 caja 1 ud","price":"4,99 €","pricePerUnit":"(4,99 €/ud.)","imgUrl":"https://s2.dia.es/medias/hfb/hd2/9557361295390.jpg"},{"title":"COLORCREM tinte Rubio Claro Ceniza Nº 81 caja 1 ud","price":"4,99 €","pricePerUnit":"(4,99 €/ud.)","imgUrl":"https://s1.dia.es/medias/h01/hb8/9557349695518.jpg"},{"title":"COLORCREM tinte Rubio Claro Dorado Nº 83 caja 1 ud","price":"4,99 €","pricePerUnit":"(4,99 €/ud.)","imgUrl":"https://s1.dia.es/medias/h78/h6d/9557365555230.jpg"},{"title":"COLORCREM tinte Rubio Claro Nº 80 caja 1 ud","price":"4,99 €","pricePerUnit":"(4,99 €/ud.)","imgUrl":"https://s2.dia.es/medias/h47/hcf/9557381611550.jpg"},{"title":"COLORCREM tinte rubio claro retoca raíces expres spray 75 ml","price":"3,99 €","pricePerUnit":"(53,20 €/l.)","imgUrl":"https://s0.dia.es/medias/h35/h4e/9107590381598.jpg"},{"title":"COLORCREM tinte Rubio Dorado Nº 73 caja 1 ud","price":"4,99 €","pricePerUnit":"(4,99 €/ud.)","imgUrl":"https://s0.dia.es/medias/h63/h65/9557355659294.jpg"},{"title":"COLORCREM tinte Rubio Extra Claro Natural Nº 900 caja 1 ud","price":"4,99 €","pricePerUnit":"(4,99 €/ud.)","imgUrl":"https://s0.dia.es/medias/h27/hd0/9557364572190.jpg"},{"title":"COLORCREM tinte Rubio Nº 70 caja 1 ud","price":"4,99 €","pricePerUnit":"(4,99 €/ud.)","imgUrl":"https://s2.dia.es/medias/hf9/h98/9557364899870.jpg"},{"title":"COLORCREM tinte Rubio Oscuro Nº 60 caja 1 ud","price":"4,99 €","pricePerUnit":"(4,99 €/ud.)","imgUrl":"https://s3.dia.es/medias/hb7/h0c/9557356314654.jpg"},{"title":"COLORCREM tinte rubio retoca raíces expres spray 75 ml","price":"3,99 €","pricePerUnit":"(53,20 €/l.)","imgUrl":"https://s3.dia.es/medias/h3a/hb9/9107630882846.jpg"},{"title":"COLORCREM tinte Violín Nº 46 caja 1 ud","price":"4,99 €","pricePerUnit":"(4,99 €/ud.)","imgUrl":"https://s1.dia.es/medias/h2b/h30/9557361623070.jpg"},{"title":"COLORSILK tinte Borgoña Nº 48 caja 1 ud","price":"3,25 €","pricePerUnit":"(3,25 €/ud.)","imgUrl":"https://s3.dia.es/medias/he1/hf3/9096463220766.jpg"},{"title":"COLORSILK tinte Castaño Claro Dorado Nº 54 caja 1 ud","price":"3,30 €","pricePerUnit":"(3,30 €/ud.)","imgUrl":"https://s0.dia.es/medias/h3c/h00/8896337477662.png"},{"title":"COLORSILK tinte Castaño Claro Nº 51 caja 1 ud","price":"3,25 €","pricePerUnit":"(3,25 €/ud.)","imgUrl":"https://s3.dia.es/medias/hb2/hdd/8966802276382.jpg"},{"title":"COLORSILK tinte Castaño Dorado Muy Claro Nº 57 caja 1 ud","price":"3,25 €","pricePerUnit":"(3,25 €/ud.)","imgUrl":"https://s2.dia.es/medias/hd5/hb4/8896348291102.png"},{"title":"COLORSILK tinte Castaño Oscuro Nº 30 caja 1 ud","price":"3,25 €","pricePerUnit":"(3,25 €/ud.)","imgUrl":"https://s0.dia.es/medias/h78/h6f/8966801621022.jpg"},{"title":"COLORSILK tinte Castaño Rojizo Claro Nº 55 caja 1 ud","price":"3,25 €","pricePerUnit":"(3,25 €/ud.)","imgUrl":"https://s2.dia.es/medias/he7/hd6/8966280478750.jpg"},{"title":"COLORSILK tinte Chocolate Nº 37 caja 1 ud","price":"3,25 €","pricePerUnit":"(3,25 €/ud.)","imgUrl":"https://s0.dia.es/medias/h64/hbd/8966202654750.jpg"},{"title":"COLORSILK tinte Rubio Claro Ceniza Nº 80 caja 1 ud","price":"3,25 €","pricePerUnit":"(3,25 €/ud.)","imgUrl":"https://s1.dia.es/medias/h97/h57/8966174670878.jpg"},{"title":"COLORSILK tinte Rubio Medio Nº 74 caja 1 ud","price":"3,25 €","pricePerUnit":"(3,25 €/ud.)","imgUrl":"https://s2.dia.es/medias/h63/h85/9096556085278.jpg"},{"title":"COLORSILK tinte Rubio Oscuro Cenizo Nº 60 caja 1 ud","price":"3,25 €","pricePerUnit":"(3,25 €/ud.)","imgUrl":"https://s2.dia.es/medias/h82/hcb/9061708398622.jpg"},{"title":"COLORSILK tinte Rubio Oscuro Nº 61 caja 1 ud","price":"2,99 €","pricePerUnit":"(2,99 €/ud.)","imgUrl":"https://s1.dia.es/medias/h85/hdc/8966262980638.jpg"},{"title":"COLORSILK tinte Rubio Ultra Claro Brillante Nº 03 caja 1 ud","price":"3,25 €","pricePerUnit":"(3,25 €/ud.)","imgUrl":"https://s3.dia.es/medias/ha1/hd0/9074749669406.jpg"},{"title":"EXCELLENCE Age perfect crema embellecedora Beige caja 1 ud","price":"6,99 €","pricePerUnit":"(6,99 €/ud.)","imgUrl":"https://s3.dia.es/medias/h8e/h26/9652460814366.jpg"},{"title":"EXCELLENCE Age perfect crema embellecedora Castaño Claro caja 1 ud","price":"6,99 €","pricePerUnit":"(6,99 €/ud.)","imgUrl":"https://s2.dia.es/medias/he0/hd3/9652535984158.jpg"},{"title":"EXCELLENCE Age perfect crema embellecedora Gris Perla caja 1 ud","price":"6,99 €","pricePerUnit":"(6,99 €/ud.)","imgUrl":"https://s1.dia.es/medias/h21/h35/9652481261598.jpg"},{"title":"EXCELLENCE Age perfect crema embellecedora Rubio caja 1 ud","price":"6,99 €","pricePerUnit":"(6,99 €/ud.)","imgUrl":"https://s3.dia.es/medias/h15/h2e/9652447576094.jpg"},{"title":"EXCELLENCE Age perfect crema embellecedora Rubio Claro caja 1 ud","price":"6,99 €","pricePerUnit":"(6,99 €/ud.)","imgUrl":"https://s0.dia.es/medias/hb1/hf5/9652561412126.jpg"},{"title":"EXCELLENCE Age perfect tinte Blanco Perla caja 1 ud","price":"6,99 €","pricePerUnit":"(6,99 €/ud.)","imgUrl":"https://s3.dia.es/medias/h58/h99/9652636516382.jpg"}]},"accesorios-cabello":{"categoryUrl":"/compra-online/productos/perfumeria-e-higiene/cuidado-del-cabello/accesorios-cabello/c/WEB.010.092.00682","products":[{"title":"BETER cepillo hair flow 1 ud (diferentes colores)","price":"7,65 €","pricePerUnit":"(7,65 €/ud.)","imgUrl":"https://s2.dia.es/medias/hea/hf0/9077815181342.jpg"},{"title":"BETER cepillo neumático cerdas mixtas 1 ud","price":"7,49 €","pricePerUnit":"(7,49 €/ud.)","imgUrl":"https://s3.dia.es/medias/h15/h42/9076988280862.jpg"},{"title":"BETER cepillo neumático con bolita protectora 1 ud","price":"6,49 €","pricePerUnit":"(6,49 €/ud.)","imgUrl":"https://s0.dia.es/medias/h1c/h51/9077017247774.jpg"},{"title":"BETER cepillo neumático de púas en madera con bolitas 1 ud","price":"5,75 €","pricePerUnit":"(5,75 €/ud.)","imgUrl":"https://s3.dia.es/medias/h47/h08/9077916696606.jpg"},{"title":"BETER cepillo térmico de cerámica 43 mm 1 ud","price":"6,75 €","pricePerUnit":"(6,75 €/ud.)","imgUrl":"https://s2.dia.es/medias/hb2/h84/9077008007198.jpg"},{"title":"BETER tijera profesional peluqueria 1 ud","price":"10,50 €","pricePerUnit":"(10,50 €/ud.)","imgUrl":"https://s2.dia.es/medias/h77/hfb/9077016264734.jpg"},{"title":"ORION Respect loción antipiojos bote 100 ml","price":"5,69 €","pricePerUnit":"(56,90 €/l.)","imgUrl":"https://s2.dia.es/medias/h40/hbf/9083004649502.jpg"}]}},"cuidado-corporal":{"name":"Cuidadocorporal","productTypes":["aceite","cremas-cuerpo-body-milk","anticeluliticos","protector-solar"],"aceite":{"categoryUrl":"/compra-online/productos/perfumeria-e-higiene/cuidado-corporal/aceite/c/WEB.010.080.00534","products":[{"title":"ARGANOUR aceite corporal de argán bote 50 ml","price":"7,99 €","pricePerUnit":"(159,80 €/l.)","imgUrl":"https://s0.dia.es/medias/h98/h64/9361966366750.jpg"},{"title":"ARGANOUR aceite corporal de rosa mosqueta bote 50 ml","price":"7,99 €","pricePerUnit":"(159,80 €/l.)","imgUrl":"https://s1.dia.es/medias/hc4/hfb/9361979146270.jpg"},{"title":"ARGANOUR aceite corporal de árbol de té bote 20 ml","price":"5,99 €","pricePerUnit":"(299,50 €/l.)","imgUrl":"https://s0.dia.es/medias/h94/h9d/9361979473950.jpg"},{"title":"BIO OIL aceite corporal para cicatríces,estrías y manchas caja 60 ml","price":"10,95 €","pricePerUnit":"(182,50 €/l.)","imgUrl":"https://s3.dia.es/medias/hb9/h10/8946403934238.png"},{"title":"BONTE aceite corporal aloe vera bote 500 ml","price":"2,06 €","pricePerUnit":"(4,12 €/l.)","imgUrl":"https://s0.dia.es/medias/h74/h17/8855893999646.png"},{"title":"BONTE aceite corporal argán botella 500 ml","price":"2,30 €","pricePerUnit":"(4,60 €/l.)","imgUrl":"https://s3.dia.es/medias/h4c/h43/8860542500894.png"},{"title":"BONTE aceite seco para piel y cabello botella 150 ml","price":"2,99 €","pricePerUnit":"(19,93 €/l.)","imgUrl":"https://s0.dia.es/medias/h7b/hf8/8961244463134.jpg"},{"title":"DERMATINA aceite de árbol de té 100% vegetal bote 20 ml","price":"8,00 €","pricePerUnit":"(400,00 €/l.)","imgUrl":"https://s3.dia.es/medias/h1d/h82/9403398062110.jpg"},{"title":"DOVE Derma uplifted aceite corporal sedoso bote 150 ml","price":"6,65 €","pricePerUnit":"(44,33 €/l.)","imgUrl":"https://s3.dia.es/medias/h85/h1a/8946334072862.png"},{"title":"DOVE serum corporal uplifted derma spa roll on 100 ml","price":"5,69 €","pricePerUnit":"(56,90 €/l.)","imgUrl":"https://s3.dia.es/medias/h86/heb/8946411601950.png"},{"title":"EMOIL aceite corporal emoliente de baño bote 200 ml","price":"12,85 €","pricePerUnit":"(64,25 €/l.)","imgUrl":"https://s2.dia.es/medias/h89/hc4/9032146616350.jpg"},{"title":"NATURAL HONEY aceite corporal argán botella 300ml","price":"3,99 €","pricePerUnit":"(13,30 €/l.)","imgUrl":"https://s2.dia.es/medias/h8b/he3/9633773289502.jpg"},{"title":"NATURAL HONEY aceite corporal bb con lino y almendras bote 300 ml","price":"3,99 €","pricePerUnit":"(13,30 €/l.)","imgUrl":"https://s2.dia.es/medias/hae/he8/9633775910942.jpg"},{"title":"NATURAL HONEY aceite corporal bb con lino y almendras formato viaje bote 100 ml","price":"1,50 €","pricePerUnit":"(15,00 €/l.)","imgUrl":"https://s0.dia.es/medias/h35/h88/9633776926750.jpg"},{"title":"NATURAL HONEY aceite corporal coco addiction bote 300 ml","price":"3,99 €","pricePerUnit":"(13,30 €/l.)","imgUrl":"https://s1.dia.es/medias/h58/h8c/9633765425182.jpg"}]},"cremas-cuerpo-body-milk":{"categoryUrl":"/compra-online/productos/perfumeria-e-higiene/cuidado-corporal/cremas-cuerpo-body-milk/c/WEB.010.080.00535","products":[{"title":"BABARIA crema aliviante piel atópica tubo 100 ml","price":"5,25 €","pricePerUnit":"(52,50 €/l.)","imgUrl":"https://s3.dia.es/medias/h0b/hda/9126980517918.jpg"},{"title":"BABARIA crema corporal aloe tarro 400 ml","price":"2,99 €","pricePerUnit":"(7,48 €/l.)","imgUrl":"https://s0.dia.es/medias/hbe/h1a/9135278391326.jpg"},{"title":"BABARIA leche corporal avena pieles normales bote 500 ml","price":"2,49 €","pricePerUnit":"(4,98 €/l.)","imgUrl":"https://s3.dia.es/medias/haf/h3c/9129790636062.jpg"},{"title":"BABARIA leche corporal con aceite de almendras pieles muy secas bote 500 ml","price":"2,49 €","pricePerUnit":"(4,98 €/l.)","imgUrl":"https://s0.dia.es/medias/h96/hba/9129770582046.jpg"},{"title":"BABARIA leche corporal reafirmante bote 500 ml","price":"2,49 €","pricePerUnit":"(4,98 €/l.)","imgUrl":"https://s0.dia.es/medias/h97/h3a/9129792602142.jpg"},{"title":"BACTINEL leche corporal con aceite de almendras bote 300 ml","price":"6,89 €","pricePerUnit":"(22,97 €/l.)","imgUrl":"https://s2.dia.es/medias/hc1/h3f/9130882367518.jpg"},{"title":"BARNÄNGEN bálsamo corporal tarro 200 ml","price":"7,99 €","pricePerUnit":"(39,95 €/l.)","imgUrl":"https://s3.dia.es/medias/h91/h7a/9298876497950.jpg"},{"title":"BARNÄNGEN loción corporal cuidado dosificador 400 ml","price":"6,99 €","pricePerUnit":"(17,48 €/l.)","imgUrl":"https://s0.dia.es/medias/hf9/h8d/9298875187230.jpg"},{"title":"BARNÄNGEN loción corporal nutritiva dosificador 400 ml","price":"6,99 €","pricePerUnit":"(17,48 €/l.)","imgUrl":"https://s1.dia.es/medias/h9b/h2b/9298854871070.jpg"},{"title":"BONTE bálsamo corporal bote 50 gr","price":"4,45 €","pricePerUnit":"(89,00 €/Kg.)","imgUrl":"https://s1.dia.es/medias/h22/h60/8969100886046.jpg"},{"title":"BONTE crema antiestrías tubo 200 ml","price":"5,60 €","pricePerUnit":"(28,00 €/l.)","imgUrl":"https://s1.dia.es/medias/h78/hc2/9270291431454.jpg"},{"title":"BONTE crema calamina bote 50 ml","price":"1,99 €","pricePerUnit":"(39,80 €/l.)","imgUrl":"https://s3.dia.es/medias/heb/h82/9145935167518.jpg"},{"title":"BONTE crema corporal coco tubo 200 ml","price":"2,35 €","pricePerUnit":"(11,75 €/l.)","imgUrl":"https://s0.dia.es/medias/hd1/hcb/9104443703326.jpg"},{"title":"BONTE crema corporal exotic lichi tubo 200 ml","price":"2,35 €","pricePerUnit":"(11,75 €/l.)","imgUrl":"https://s3.dia.es/medias/h0b/hbc/9104418996254.jpg"},{"title":"BONTE crema corporal nutritiva bote 500 ml","price":"1,44 €","pricePerUnit":"(2,88 €/l.)","imgUrl":"https://s2.dia.es/medias/h59/hc7/9370301759518.jpg"},{"title":"BONTE crema corporal oliva tarro 300 ml","price":"1,58 €","pricePerUnit":"(5,27 €/l.)","imgUrl":"https://s1.dia.es/medias/hd3/h51/8962698641438.jpg"},{"title":"BONTE crema corporal reafirmante antiedad  bote 500 ml","price":"3,56 €","pricePerUnit":"(7,12 €/l.)","imgUrl":"https://s2.dia.es/medias/h4d/h6b/9370296844318.jpg"},{"title":"BONTE crema corporal regeneradora tarro 300 ml","price":"3,15 €","pricePerUnit":"(10,50 €/l.)","imgUrl":"https://s2.dia.es/medias/h8a/h1d/9015847813150.jpg"},{"title":"BONTE crema corporal wild berry tubo 200 ml","price":"2,35 €","pricePerUnit":"(11,75 €/l.)","imgUrl":"https://s0.dia.es/medias/hc9/h5c/9104447045662.jpg"},{"title":"BONTE crema hidratante cara, cuerpo y manos tarro 300 ml","price":"1,89 €","pricePerUnit":"(6,30 €/l.)","imgUrl":"https://s1.dia.es/medias/hf5/h3d/8958539923486.png"},{"title":"BONTE crema reafirmante de senos tubo 200 ml","price":"2,99 €","pricePerUnit":"(14,95 €/l.)","imgUrl":"https://s1.dia.es/medias/h14/ha1/8961205010462.jpg"},{"title":"BONTE exfoliante corporal argán tarro 200 ml","price":"3,45 €","pricePerUnit":"(17,25 €/l.)","imgUrl":"https://s1.dia.es/medias/hc4/hc8/9015933009950.jpg"},{"title":"BONTE gel corporal hidratante con aloe bote 400 ml","price":"3,75 €","pricePerUnit":"(9,38 €/l.)","imgUrl":"https://s2.dia.es/medias/ha2/h15/8860523692062.png"},{"title":"BONTE loción corporal vainilla tubo 200 ml","price":"1,51 €","pricePerUnit":"(7,55 €/l.)","imgUrl":"https://s3.dia.es/medias/hea/hcd/9104441737246.jpg"},{"title":"BONTE loción hidratante formato viaje botella 100 ml","price":"1,00 €","pricePerUnit":"(10,00 €/l.)","imgUrl":"https://s1.dia.es/medias/h09/h9e/8860483256350.png"},{"title":"BONTE loción hidratante pieles atópicas bote 400 ml","price":"2,03 €","pricePerUnit":"(5,07 €/l.)","imgUrl":"https://s3.dia.es/medias/hd8/h0e/8961257766942.jpg"},{"title":"BONTE loción hidratante urea 10% para pieles muy secas botella 400 ml","price":"1,99 €","pricePerUnit":"(4,98 €/l.)","imgUrl":"https://s2.dia.es/medias/hef/h37/9158118178846.jpg"},{"title":"BONTE manteca corporal argán tarro 200 ml","price":"3,29 €","pricePerUnit":"(16,45 €/l.)","imgUrl":"https://s1.dia.es/medias/h80/h18/9015830446110.jpg"},{"title":"BONTE manteca corporal sweet coconut tarro 200 ml","price":"3,29 €","pricePerUnit":"(16,45 €/l.)","imgUrl":"https://s2.dia.es/medias/h2b/h70/9015819108382.jpg"},{"title":"BONTE manteca corporal vainilla dream tarro 200 ml","price":"3,29 €","pricePerUnit":"(16,45 €/l.)","imgUrl":"https://s1.dia.es/medias/h02/he8/9015823171614.jpg"},{"title":"CHEN YU emulsión hidratante corporal bote 400 ml","price":"18,99 €","pricePerUnit":"(47,47 €/l.)","imgUrl":"https://s2.dia.es/medias/h37/h1f/9129777528862.jpg"},{"title":"DERMATINA body milk con aceite de coco y aceite de cáñamo bote 500 ml","price":"5,50 €","pricePerUnit":"(11,00 €/l.)","imgUrl":"https://s2.dia.es/medias/hd5/h0e/9408854655006.jpg"},{"title":"DERMATINA body milk con aloe vera y aceite de oliva bote 500 ml","price":"5,50 €","pricePerUnit":"(11,00 €/l.)","imgUrl":"https://s0.dia.es/medias/hb3/h47/9408848035870.jpg"},{"title":"DERMATINA body milk rosa mosqueta y aceite de uva bote 500 ml","price":"5,50 €","pricePerUnit":"(11,00 €/l.)","imgUrl":"https://s0.dia.es/medias/he4/h8d/9408839516190.jpg"},{"title":"DIA crema corporal  bajo ducha botella 400ml","price":"2,50 €","pricePerUnit":"(6,25 €/l.)","imgUrl":"https://s2.dia.es/medias/h24/h4b/8825442730014.png"},{"title":"DIA crema corporal hidratante bote 500 ml","price":"1,44 €","pricePerUnit":"(2,88 €/l.)","imgUrl":"https://s1.dia.es/medias/h90/h99/9370305691678.jpg"},{"title":"DON ALGODÓN pack colonia spray 100 ml + colonia 10 ml + gel de ducha 75 ml + body lotion 75 ml","price":"15,99 €","pricePerUnit":"(15,99 €/ud.)","imgUrl":"https://s3.dia.es/medias/h95/hc1/9507212197918.jpg"},{"title":"DOVE body milk nutricion esencial piel seca frasco 400ml","price":"4,35 €","pricePerUnit":"(10,88 €/l.)","imgUrl":"https://s0.dia.es/medias/h21/h75/9673724330014.jpg"},{"title":"DOVE crema corporal goodness derma spa tarro 300 ml","price":"5,69 €","pricePerUnit":"(18,97 €/l.)","imgUrl":"https://s3.dia.es/medias/hca/hb8/9034140254238.jpg"},{"title":"DOVE crema intensiva nutritiva formato viaje tarro 75 ml","price":"1,50 €","pricePerUnit":"(20,00 €/l.)","imgUrl":"https://s1.dia.es/medias/hb7/hc5/9383769735198.jpg"},{"title":"DOVE Derma spa goodness aceite corporal bote 150 ml","price":"6,65 €","pricePerUnit":"(44,33 €/l.)","imgUrl":"https://s2.dia.es/medias/h57/h4b/8946555781150.png"},{"title":"DOVE Derma spa goodness crema corporal formato viaje tarro 75 ml","price":"1,50 €","pricePerUnit":"(20,00 €/l.)","imgUrl":"https://s1.dia.es/medias/ha4/hbb/9107673088030.jpg"},{"title":"DOVE locion corporal intensiva piel extra seca bote 400 ml","price":"4,35 €","pricePerUnit":"(10,88 €/l.)","imgUrl":"https://s3.dia.es/medias/h83/he0/9673725313054.jpg"},{"title":"DOVE loción corporal goodness derma spa tubo 200 ml","price":"4,25 €","pricePerUnit":"(21,25 €/l.)","imgUrl":"https://s3.dia.es/medias/h7d/h50/9677915226142.jpg"},{"title":"DOVE loción corporal piel seca bote 250 ml","price":"2,71 €","pricePerUnit":"(10,84 €/l.)","imgUrl":"https://s3.dia.es/medias/hea/h99/9354611752990.jpg"},{"title":"DOVE loción piel dorada con agentes autobronceadores bote 200 ml","price":"4,55 €","pricePerUnit":"(18,20 €/l.)","imgUrl":"https://s3.dia.es/medias/h44/hd4/8959541280798.png"},{"title":"DOVE Secretos hidratantes loción corporal coco y almendras bote 400 ml","price":"4,35 €","pricePerUnit":"(10,88 €/l.)","imgUrl":"https://s3.dia.es/medias/h4f/h76/9354690428958.jpg"},{"title":"EUDERMIN crema corporal protectora forte bote 400 ml","price":"4,45 €","pricePerUnit":"(11,13 €/l.)","imgUrl":"https://s3.dia.es/medias/hbd/hab/8872776007710.png"},{"title":"EUDERMÍN crema corporal protectora express dosificador 400 ml","price":"4,45 €","pricePerUnit":"(11,13 €/l.)","imgUrl":"https://s3.dia.es/medias/h21/h42/9129791291422.jpg"},{"title":"GARNIER Body repair crema reparadora corporal pieles secas bote 400 ml","price":"4,45 €","pricePerUnit":"(11,13 €/l.)","imgUrl":"https://s1.dia.es/medias/h10/hc7/9487973187614.jpg"},{"title":"GARNIER body tonic leche hidratante reafirmante bote 400 ml","price":"4,99 €","pricePerUnit":"(12,48 €/l.)","imgUrl":"https://s1.dia.es/medias/hb2/hc4/9483403198494.jpg"},{"title":"HENO DE PRAVIA loción corporal nutritiva original bote 400 ml","price":"4,29 €","pricePerUnit":"(10,73 €/l.)","imgUrl":"https://s0.dia.es/medias/h01/h95/9322165633054.jpg"},{"title":"INSTITUTO ESPAÑOL crema aloe vera tarro 400 ml","price":"3,45 €","pricePerUnit":"(8,63 €/l.)","imgUrl":"https://s2.dia.es/medias/hcb/hf0/9096195997726.jpg"},{"title":"INSTITUTO ESPAÑOL crema corporal intensiva vitamina E tarro 400 ml","price":"3,49 €","pricePerUnit":"(8,73 €/l.)","imgUrl":"https://s0.dia.es/medias/h33/h5a/9004099305502.jpg"},{"title":"INSTITUTO ESPAÑOL crema corporal regeneradora rosa mosqueta tarro 400 ml","price":"3,60 €","pricePerUnit":"(9,00 €/l.)","imgUrl":"https://s0.dia.es/medias/hb2/h71/9004164841502.jpg"},{"title":"INSTITUTO ESPAÑOL crema corporal reparadora urea formato viaje 50 ml","price":"1,00 €","pricePerUnit":"(20,00 €/l.)","imgUrl":"https://s2.dia.es/medias/h52/h65/9007446949918.jpg"},{"title":"INSTITUTO ESPAÑOL crema corporal reparadora urea piel seca tarro 400 ml","price":"3,65 €","pricePerUnit":"(9,13 €/l.)","imgUrl":"https://s0.dia.es/medias/h20/h02/9004113723422.jpg"},{"title":"INSTITUTO ESPAÑOL crema emoliente restauradora pieles atópicas tubo 150 ml","price":"2,99 €","pricePerUnit":"(19,93 €/l.)","imgUrl":"https://s1.dia.es/medias/h63/h10/9290371366942.jpg"},{"title":"INSTITUTO ESPAÑOL leche corporal pieles atópicas bote 300 ml","price":"5,15 €","pricePerUnit":"(17,17 €/l.)","imgUrl":"https://s3.dia.es/medias/h8d/hab/8906421600286.jpg"},{"title":"INSTITUTO ESPAÑOL leche hidratante avena dosificador 950 ml","price":"5,45 €","pricePerUnit":"(5,74 €/l.)","imgUrl":"https://s0.dia.es/medias/h83/hdc/9129788669982.jpg"},{"title":"INSTITUTO ESPAÑOL leche hidratante rosa mosqueta bote 500 ml","price":"2,75 €","pricePerUnit":"(5,50 €/l.)","imgUrl":"https://s2.dia.es/medias/h2a/h6c/9129784082462.jpg"},{"title":"INSTITUTO ESPAÑOL leche hidratante urea bote 500 ml","price":"3,25 €","pricePerUnit":"(6,50 €/l.)","imgUrl":"https://s1.dia.es/medias/he3/h2d/9129775235102.jpg"},{"title":"INSTITUTO ESPAÑOL leche hidratante urea dosificador 950 ml","price":"5,45 €","pricePerUnit":"(5,74 €/l.)","imgUrl":"https://s2.dia.es/medias/hc7/h16/9008548970526.jpg"},{"title":"INSTITUTO ESPAÑOL loción corporal piel sana bote 500 ml","price":"2,95 €","pricePerUnit":"(5,90 €/l.)","imgUrl":"https://s1.dia.es/medias/ha5/h36/9129784410142.jpg"},{"title":"INSTITUTO ESPAÑOL loción corporal vitamina E bote 500 ml","price":"2,95 €","pricePerUnit":"(5,90 €/l.)","imgUrl":"https://s3.dia.es/medias/hd5/ha7/9129769271326.jpg"},{"title":"INSTITUTO ESPAÑOL loción hidratante aloe vera dosificador 950 ml","price":"5,45 €","pricePerUnit":"(5,74 €/l.)","imgUrl":"https://s3.dia.es/medias/h14/h28/9129779167262.jpg"},{"title":"INSTITUTO ESPAÑOL loción regeneradora colágeno bote 500 ml","price":"2,95 €","pricePerUnit":"(5,90 €/l.)","imgUrl":"https://s1.dia.es/medias/h79/hc7/9129778511902.jpg"},{"title":"JOHNSON´S Vitarich loción corporal con manteca de cacao bote 400 ml","price":"2,99 €","pricePerUnit":"(7,48 €/l.)","imgUrl":"https://s0.dia.es/medias/h98/h18/9361220042782.jpg"},{"title":"JOHNSON´S Vitarich loción corporal efecto seda papaya bote 400 ml","price":"4,99 €","pricePerUnit":"(12,48 €/l.)","imgUrl":"https://s1.dia.es/medias/h9e/h43/8964325081118.jpg"},{"title":"JOHNSON´S Vitarich smoothies loción corporal piel mimada bote 400 ml","price":"3,49 €","pricePerUnit":"(8,73 €/l.)","imgUrl":"https://s1.dia.es/medias/h60/h11/9336836063262.jpg"},{"title":"KINESIA loción corporal con serum de avena 100 % natural bote 400 ml","price":"4,49 €","pricePerUnit":"(11,23 €/l.)","imgUrl":"https://s2.dia.es/medias/he4/hac/9568064897054.jpg"},{"title":"KINESIA loción corporal emoliente avenatopic dosificador 400 ml","price":"4,65 €","pricePerUnit":"(11,63 €/l.)","imgUrl":"https://s3.dia.es/medias/h19/h0e/9568564117534.jpg"},{"title":"LACTOVIT leche corporal hidratante para pieles normales bote 400 ml","price":"3,99 €","pricePerUnit":"(9,98 €/l.)","imgUrl":"https://s1.dia.es/medias/h22/h1e/8963449782302.jpg"},{"title":"LACTOVIT leche corporal lactooil cuidado de noche dosificador 400 ml","price":"4,25 €","pricePerUnit":"(10,63 €/l.)","imgUrl":"https://s3.dia.es/medias/ha9/hfb/9129211297822.jpg"},{"title":"LACTOVIT leche corporal lactourea bote 400 ml","price":"4,50 €","pricePerUnit":"(11,25 €/l.)","imgUrl":"https://s1.dia.es/medias/hbc/hc4/9568739655710.jpg"},{"title":"LACTOVIT leche corporal nutritiva piel normal-seca dosificador 400 ml","price":"3,99 €","pricePerUnit":"(9,98 €/l.)","imgUrl":"https://s0.dia.es/medias/h5f/h1d/9248241057822.jpg"},{"title":"LACTOVIT leche corporal protectora activit dosificador 400 ml","price":"4,25 €","pricePerUnit":"(10,63 €/l.)","imgUrl":"https://s2.dia.es/medias/hed/hff/9568406503454.jpg"},{"title":"LACTOVIT leche mousse corporal lactourea piel muy seca spray 200 ml","price":"3,99 €","pricePerUnit":"(19,95 €/l.)","imgUrl":"https://s1.dia.es/medias/h90/h8e/9521949245470.jpg"},{"title":"LACTOVIT leche mousse corporal nutritiva piel seca spray 200 ml","price":"3,99 €","pricePerUnit":"(19,95 €/l.)","imgUrl":"https://s1.dia.es/medias/h9d/h55/9521961435166.jpg"},{"title":"LULLAGE Acnexpert serum 360º tratamiento intensivo dosificador 50 ml","price":"29,95 €","pricePerUnit":"(599,00 €/l.)","imgUrl":"https://s2.dia.es/medias/hf1/hb7/9502028726302.jpg"},{"title":"MULTIDERMOL leche corporal hidratante bote 250 ml","price":"7,95 €","pricePerUnit":"(31,80 €/l.)","imgUrl":"https://s2.dia.es/medias/hb0/h7d/9029232033822.jpg"},{"title":"NATURAL HONEY locion corporal 7 en 1 bote 330 ml","price":"4,70 €","pricePerUnit":"(14,24 €/l.)","imgUrl":"https://s1.dia.es/medias/he0/hb4/9633764769822.jpg"},{"title":"NATURAL HONEY locion corporal intensiva piel muy seca bote 400 ml","price":"4,70 €","pricePerUnit":"(11,75 €/l.)","imgUrl":"https://s3.dia.es/medias/h71/h0f/9633759199262.jpg"},{"title":"NATURAL HONEY loción corporal elixir de argán hidrata y nutre bote 330 ml","price":"4,49 €","pricePerUnit":"(13,61 €/l.)","imgUrl":"https://s1.dia.es/medias/h7b/h2f/9633762148382.jpg"},{"title":"NATURAL HONEY loción corporal extra hidratante dosificador 700 ml","price":"5,95 €","pricePerUnit":"(8,50 €/l.)","imgUrl":"https://s1.dia.es/medias/h4a/h3e/9633769029662.jpg"},{"title":"NATURAL HONEY loción corporal hidratante piel normal y seca bote 400 ml","price":"4,70 €","pricePerUnit":"(11,75 €/l.)","imgUrl":"https://s3.dia.es/medias/h7d/he7/9633765097502.jpg"},{"title":"NATURAL HONEY loción piernas cansadas efecto refrescante bote 330 ml","price":"4,70 €","pricePerUnit":"(14,24 €/l.)","imgUrl":"https://s3.dia.es/medias/h70/he8/9633763786782.jpg"},{"title":"NATURAL HONEY Lotion go loción extra cuidado con aceite de oliva spray 200 ml","price":"5,95 €","pricePerUnit":"(29,75 €/l.)","imgUrl":"https://s1.dia.es/medias/hbf/hce/9633767063582.jpg"},{"title":"NATURAL HONEY Lotion go loción hidratante con aceite de almendras spray 200 ml","price":"5,95 €","pricePerUnit":"(29,75 €/l.)","imgUrl":"https://s0.dia.es/medias/h3c/h17/9633760837662.jpg"},{"title":"NATURAL HONEY Lotion go loción nutrición con manteca de karité spray 200 ml","price":"5,95 €","pricePerUnit":"(29,75 €/l.)","imgUrl":"https://s1.dia.es/medias/h7d/hd7/9633770012702.jpg"},{"title":"NIVEA aceite en loción flor de cerezo y jojoba bote 400 ml","price":"6,19 €","pricePerUnit":"(15,48 €/l.)","imgUrl":"https://s3.dia.es/medias/hbc/ha7/9079461412894.jpg"},{"title":"NIVEA aceite en loción flor de naranjo piel normal seca bote 400 ml","price":"5,99 €","pricePerUnit":"(14,98 €/l.)","imgUrl":"https://s2.dia.es/medias/h85/h88/9592198266910.jpg"},{"title":"NIVEA aceite en loción vainilla piel normal seca bote 400 ml","price":"6,19 €","pricePerUnit":"(15,48 €/l.)","imgUrl":"https://s0.dia.es/medias/hcb/h9d/9079472390174.jpg"},{"title":"NIVEA acondicionador de cuerpo bajo la ducha piel seca bote 400 ml","price":"4,99 €","pricePerUnit":"(12,48 €/l.)","imgUrl":"https://s0.dia.es/medias/hab/h2c/8858335641630.png"},{"title":"NIVEA Body locion bajo la ducha reafirmante Q10 plus bote 400 ml","price":"5,15 €","pricePerUnit":"(12,88 €/l.)","imgUrl":"https://s2.dia.es/medias/h59/h00/8860916056094.png"},{"title":"NIVEA Body loción bajo la ducha capricho cacao piel normal/seca bote 400ml","price":"4,99 €","pricePerUnit":"(12,48 €/l.)","imgUrl":"https://s1.dia.es/medias/h76/h27/8860568322078.png"},{"title":"NIVEA Body lotion bajo la ducha efecto luminoso bote 400 ml","price":"5,15 €","pricePerUnit":"(12,88 €/l.)","imgUrl":"https://s2.dia.es/medias/h86/hae/9129804300318.jpg"},{"title":"NIVEA Body lotion bajo la ducha refrescante piel normal bote 400 ml","price":"4,99 €","pricePerUnit":"(12,48 €/l.)","imgUrl":"https://s1.dia.es/medias/h60/h93/9129764749342.jpg"},{"title":"NIVEA Body milk bajo la ducha nutritivo piel seca formato viaje bote 80 ml","price":"1,50 €","pricePerUnit":"(18,75 €/l.)","imgUrl":"https://s2.dia.es/medias/h11/h7a/8896326926366.png"},{"title":"NIVEA Body milk nutritivo cuidado intensivo piel seca formato viaje bote 75 ml","price":"1,50 €","pricePerUnit":"(20,00 €/l.)","imgUrl":"https://s1.dia.es/medias/h7f/h3f/8896426541086.png"}]},"anticeluliticos":{"categoryUrl":"/compra-online/productos/perfumeria-e-higiene/cuidado-corporal/anticeluliticos/c/WEB.010.080.00537","products":[{"title":"BONTE gel anticelulítico tubo 200 ml","price":"4,25 €","pricePerUnit":"(21,25 €/l.)","imgUrl":"https://s3.dia.es/medias/h3c/h1d/8855819026462.png"},{"title":"BONTE gel anticelulítico vientre plano tubo 200 ml","price":"4,25 €","pricePerUnit":"(21,25 €/l.)","imgUrl":"https://s1.dia.es/medias/ha0/h30/8855929651230.png"},{"title":"LACTOVIT leche corporal reafirmante bote 400 ml","price":"4,39 €","pricePerUnit":"(10,97 €/l.)","imgUrl":"https://s1.dia.es/medias/hc4/h06/8964270948382.jpg"},{"title":"NATURAL HONEY loción corporal celulitis frasco 330 ml","price":"4,70 €","pricePerUnit":"(14,24 €/l.)","imgUrl":"https://s2.dia.es/medias/h24/h15/9633762803742.jpg"},{"title":"NIVEA Q10 gel crema anti celulitis reafirmante tubo 200 ml","price":"10,95 €","pricePerUnit":"(54,75 €/l.)","imgUrl":"https://s0.dia.es/medias/h0f/h47/8895184797726.png"}]},"protector-solar":{"categoryUrl":"/compra-online/productos/perfumeria-e-higiene/cuidado-corporal/protector-solar/c/WEB.010.080.00539","products":[{"title":"BONTE aceite solar seco protección baja 06 spf spray 250 ml","price":"3,99 €","pricePerUnit":"(15,96 €/l.)","imgUrl":"https://s2.dia.es/medias/h99/hf4/8897298300958.png"},{"title":"BONTE BB crema protectora solar facial spf 50 tono medio tubo 75 ml","price":"4,99 €","pricePerUnit":"(66,53 €/l.)","imgUrl":"https://s1.dia.es/medias/h4c/hcf/9647245525022.jpg"},{"title":"BONTE leche solar spf 30 formato viaje bote 50 ml","price":"3,99 €","pricePerUnit":"(79,80 €/l.)","imgUrl":"https://s1.dia.es/medias/h55/h80/9074805112862.jpg"},{"title":"BONTE loción aftersun bote 400 ml","price":"2,99 €","pricePerUnit":"(7,48 €/l.)","imgUrl":"https://s1.dia.es/medias/h94/hf0/8874641063966.png"},{"title":"BONTE Sport protector labial spf 30 alta tubo 20 ml","price":"3,99 €","pricePerUnit":"(199,50 €/l.)","imgUrl":"https://s3.dia.es/medias/hbb/h04/8894441586718.png"},{"title":"DENENES leche protectora solar piel mojada spf +50 pistola 300 ml","price":"14,75 €","pricePerUnit":"(49,17 €/l.)","imgUrl":"https://s1.dia.es/medias/h4a/ha5/9568100417566.jpg"},{"title":"DENENES Protech fluido protector solar +50 spf dosificador 50 ml","price":"10,99 €","pricePerUnit":"(219,80 €/l.)","imgUrl":"https://s2.dia.es/medias/hc7/h3c/9568117686302.jpg"},{"title":"DENENES spray solar invisible fp 50+ 250 ml","price":"15,95 €","pricePerUnit":"(63,80 €/l.)","imgUrl":"https://s3.dia.es/medias/hfe/hd5/9568113426462.jpg"},{"title":"ECRAN aceite solar fp 30 spray 250 ml","price":"12,99 €","pricePerUnit":"(51,96 €/l.)","imgUrl":"https://s3.dia.es/medias/h20/h6f/9568068894750.jpg"},{"title":"ECRAN aceite solar lemonoil spf 30 spray 200 ml","price":"9,95 €","pricePerUnit":"(49,75 €/l.)","imgUrl":"https://s3.dia.es/medias/h05/h7d/9568073973790.jpg"},{"title":"ECRAN aceite solar protector spf 10 spray 200 ml","price":"10,49 €","pricePerUnit":"(52,45 €/l.)","imgUrl":"https://s2.dia.es/medias/he6/hfc/9568088293406.jpg"},{"title":"ECRAN After sun loción reparadora dosificador 200 ml","price":"7,49 €","pricePerUnit":"(37,45 €/l.)","imgUrl":"https://s0.dia.es/medias/h96/h55/9360689659934.jpg"},{"title":"ECRAN Aftersun leche hidratante reparadora bote 400 ml","price":"5,95 €","pricePerUnit":"(14,88 €/l.)","imgUrl":"https://s2.dia.es/medias/h57/h93/9592167989278.jpg"},{"title":"ECRAN Aftersun leche hidratante reparadora pieles sensibles y atópicas 300 ml","price":"7,95 €","pricePerUnit":"(26,50 €/l.)","imgUrl":"https://s0.dia.es/medias/hec/hfb/9592135876638.jpg"},{"title":"ECRAN aftersun reparador intensivo spray 250 ml","price":"7,50 €","pricePerUnit":"(30,00 €/l.)","imgUrl":"https://s1.dia.es/medias/h64/h7f/9592153243678.jpg"},{"title":"ECRAN Sun fluido protector facial ultraligero sport spf 50 tubo 40 ml","price":"7,35 €","pricePerUnit":"(183,75 €/l.)","imgUrl":"https://s3.dia.es/medias/h8a/h51/9568123650078.jpg"},{"title":"ECRAN Sun protector solar cara y escote spf +50 ultra ligero tubo 50 ml","price":"10,15 €","pricePerUnit":"(203,00 €/l.)","imgUrl":"https://s3.dia.es/medias/h20/h62/9568083214366.jpg"},{"title":"ECRAN Sun protector solar invisible ultrasuave spf 30 spray 250 ml","price":"12,30 €","pricePerUnit":"(49,20 €/l.)","imgUrl":"https://s3.dia.es/medias/h1c/hf8/9568043434014.jpg"},{"title":"ECRAN Sun protector solar sport spf 50 spray 250 ml","price":"12,99 €","pricePerUnit":"(51,96 €/l.)","imgUrl":"https://s2.dia.es/medias/hb9/h21/9568180863006.jpg"},{"title":"ECRAN Sunnique bruma protectora solar spf 20 spray 250 ml","price":"10,95 €","pricePerUnit":"(43,80 €/l.)","imgUrl":"https://s3.dia.es/medias/h16/h50/9592393957406.jpg"},{"title":"ECRAN Sunnique bruma protectora tattoo spf 50 spray 250 ml","price":"12,99 €","pricePerUnit":"(51,96 €/l.)","imgUrl":"https://s1.dia.es/medias/hb4/h55/9568100745246.jpg"},{"title":"GISELE DENIS protector solar facial antiedad spf +50 tubo 40 ml","price":"11,65 €","pricePerUnit":"(264,77 €/l.)","imgUrl":"https://s0.dia.es/medias/hd9/hf5/9662473895966.jpg"},{"title":"GISELE DENIS protector solar facial antimanchas spf +50 tubo 40 ml","price":"12,69 €","pricePerUnit":"(288,41 €/l.)","imgUrl":"https://s0.dia.es/medias/h84/h44/9663380717598.jpg"},{"title":"LULLAGE Acnexpert fluido solar spf 50 sebo reguladora dosificador 50 ml","price":"20,95 €","pricePerUnit":"(419,00 €/l.)","imgUrl":"https://s0.dia.es/medias/h27/hae/9127092125726.jpg"},{"title":"LULLAGE RougeXpert fluido solar spf +50 piel sensible dosificador 50 ml","price":"22,90 €","pricePerUnit":"(458,00 €/l.)","imgUrl":"https://s1.dia.es/medias/h54/hef/9502030364702.jpg"},{"title":"NIVEA spray solar hidratante protección muy alta spf 50+ pistola 300 ml","price":"14,99 €","pricePerUnit":"(49,97 €/l.)","imgUrl":"https://s2.dia.es/medias/he1/h60/9074761990174.jpg"},{"title":"NIVEA Sun leche solar protege&broncea spf 50 bote 200 ml","price":"13,40 €","pricePerUnit":"(67,00 €/l.)","imgUrl":"https://s2.dia.es/medias/h43/hef/9074786041886.jpg"},{"title":"NIVEA Sun leche solar protege&hidrata sfp 20 bote 400 ml","price":"13,99 €","pricePerUnit":"(34,98 €/l.)","imgUrl":"https://s2.dia.es/medias/hf1/h63/9074791612446.jpg"},{"title":"NIVEA Sun leche solar protege&hidrata sfp 30 bote 400 ml","price":"14,49 €","pricePerUnit":"(36,23 €/l.)","imgUrl":"https://s0.dia.es/medias/hb1/he7/9074736168990.jpg"},{"title":"NIVEA Sun leche solar zanahoria spf 6 bote 200 ml","price":"8,49 €","pricePerUnit":"(42,45 €/l.)","imgUrl":"https://s1.dia.es/medias/h2a/he6/9074732892190.jpg"},{"title":"NIVEA Sun protector solar invisible protege&refresca spf 50 spray 200 ml","price":"14,99 €","pricePerUnit":"(74,95 €/l.)","imgUrl":"https://s1.dia.es/medias/h83/h0e/9074767888414.jpg"},{"title":"NIVEA Sun spray solar protege&hidrata spf 30 pistola 300 ml","price":"14,65 €","pricePerUnit":"(48,83 €/l.)","imgUrl":"https://s3.dia.es/medias/h25/h17/9074746064926.jpg"}]}},"cuidado-facial":{"name":"Cuidadofacial","productTypes":["antiarrugas-y-antiedad","hidratantes-y-nutritivas","mascarillas","contorno-de-ojos","protector-labial","cremas-especificas","tratamiento"],"antiarrugas-y-antiedad":{"categoryUrl":"/compra-online/productos/perfumeria-e-higiene/cuidado-facial/antiarrugas-y-antiedad/c/WEB.010.081.00540","products":[{"title":"BABARIA crema facial antiarrugas aloe vera tarro 50 ml","price":"6,45 €","pricePerUnit":"(129,00 €/l.)","imgUrl":"https://s2.dia.es/medias/h20/h80/9130893180958.jpg"},{"title":"BACTINEL ampollas faciales antiaging caja 5 uds","price":"6,59 €","pricePerUnit":"(6,59 €/ud.)","imgUrl":"https://s2.dia.es/medias/hc7/h24/9130891542558.jpg"},{"title":"BELLA AURORA crema antiarrugas spf 15 tarro 50 ml","price":"16,95 €","pricePerUnit":"(339,00 €/l.)","imgUrl":"https://s3.dia.es/medias/hea/ha6/9181585408030.jpg"},{"title":"BELLA AURORA crema de día antiedad y antimanchas tarro 50 ml","price":"23,95 €","pricePerUnit":"(479,00 €/l.)","imgUrl":"https://s2.dia.es/medias/h34/h9b/9181568860190.jpg"},{"title":"BELLA AURORA crema de día splendor 10 antiarrugas tarro 50 ml","price":"22,95 €","pricePerUnit":"(459,00 €/l.)","imgUrl":"https://s2.dia.es/medias/h4c/hbe/9561891340318.jpg"},{"title":"BONTE crema de día antiarrugas SPF 6 tarro 50ml","price":"4,00 €","pricePerUnit":"(80,00 €/l.)","imgUrl":"https://s1.dia.es/medias/hed/h7c/8855854153758.png"},{"title":"BONTE crema de noche antiarrugas tarro 50 ml","price":"2,99 €","pricePerUnit":"(59,80 €/l.)","imgUrl":"https://s3.dia.es/medias/hec/hd7/8855890329630.png"},{"title":"BONTE crema facial de día Q10 antiarrugas piel seca tarro 50 ml","price":"2,99 €","pricePerUnit":"(59,80 €/l.)","imgUrl":"https://s2.dia.es/medias/h77/hac/9007484895262.jpg"},{"title":"BONTE crema facial de noche Q10 antiarrugas piel normal tarro 50 ml","price":"2,99 €","pricePerUnit":"(59,80 €/l.)","imgUrl":"https://s1.dia.es/medias/hd8/ha0/9007432007710.jpg"},{"title":"BONTE crema facial despigmentante efecto antiedad dosificador 30 ml","price":"2,99 €","pricePerUnit":"(99,67 €/l.)","imgUrl":"https://s1.dia.es/medias/h1f/h1e/9007441051678.jpg"},{"title":"BONTE serum concentrado Q10 antiarrugas con aceite de soya dosificador 30 ml","price":"6,89 €","pricePerUnit":"(229,67 €/l.)","imgUrl":"https://s2.dia.es/medias/hb7/h48/9007437971486.jpg"},{"title":"BONTE serum renovador antiedad dosificador 30 ml","price":"5,35 €","pricePerUnit":"(178,33 €/l.)","imgUrl":"https://s1.dia.es/medias/hfe/h14/9007486074910.jpg"},{"title":"CHEN YU Biolia crema tratamiento antiarrugas tarro 50 ml","price":"33,95 €","pricePerUnit":"(679,00 €/l.)","imgUrl":"https://s3.dia.es/medias/h04/h7f/9130855563294.jpg"},{"title":"DIADERMINE crema facial antiarrugas tarro 50 ml","price":"10,25 €","pricePerUnit":"(205,00 €/l.)","imgUrl":"https://s1.dia.es/medias/hee/h3c/8856463671326.png"},{"title":"DIADERMINE Expert corrector rejuvenecedor antimanchas 30 ml","price":"14,95 €","pricePerUnit":"(498,33 €/l.)","imgUrl":"https://s1.dia.es/medias/h6a/h5b/9227156815902.jpg"},{"title":"DIADERMINE Expert rejuvenecedor crema de día antiarrugas tarro 50 ml","price":"14,95 €","pricePerUnit":"(299,00 €/l.)","imgUrl":"https://s3.dia.es/medias/h25/he6/9577506865182.jpg"},{"title":"DIADERMINE Expert rejuvenecedor crema de noche antiarrugas tarro 50 ml","price":"14,95 €","pricePerUnit":"(299,00 €/l.)","imgUrl":"https://s2.dia.es/medias/h2e/h02/9577512108062.jpg"},{"title":"DIADERMINE Lift crema facial antiarrugas con hialurónico tarro 50 ml","price":"9,99 €","pricePerUnit":"(199,80 €/l.)","imgUrl":"https://s3.dia.es/medias/h29/h01/9577459613726.jpg"},{"title":"DIADERMINE Lift+ booster fluido antiarrugas 15 ml","price":"12,49 €","pricePerUnit":"(832,67 €/l.)","imgUrl":"https://s0.dia.es/medias/h3d/h47/9347536912414.jpg"},{"title":"DIADERMINE Lift+ crema de día hidratante antiarrugas reafirmante tarro 50 ml","price":"9,99 €","pricePerUnit":"(199,80 €/l.)","imgUrl":"https://s0.dia.es/medias/h76/h83/9577507848222.jpg"},{"title":"DIADERMINE Lift+ FlashEffect cápsulas antiedad efecto inmediato envase 7 uds","price":"5,99 €","pricePerUnit":"(0,86 €/ud.)","imgUrl":"https://s1.dia.es/medias/hab/h6e/9577472360478.jpg"},{"title":"DIADERMINE Lift+ super corrector crema de día antiedad spf 15 tarro 50 ml","price":"12,95 €","pricePerUnit":"(259,00 €/l.)","imgUrl":"https://s2.dia.es/medias/h3b/hc2/8964220551198.jpg"},{"title":"DIADERMINE Lift+ super corrector noche tratamiento renovador antiedad 50 ml","price":"12,95 €","pricePerUnit":"(259,00 €/l.)","imgUrl":"https://s1.dia.es/medias/h56/hb3/8895407554590.png"},{"title":"DIADERMINE Lift+ super rellenador crema de día antiarrugas tarro 50 ml","price":"9,99 €","pricePerUnit":"(199,80 €/l.)","imgUrl":"https://s0.dia.es/medias/he3/ha2/8946192384030.png"},{"title":"DIADERMINE lift+protección solar crema de día antiarrugas fps 30 tarro 50 ml","price":"11,00 €","pricePerUnit":"(220,00 €/l.)","imgUrl":"https://s1.dia.es/medias/he1/h11/9577478979614.jpg"},{"title":"DIADERMINE Reactivance crema de día antimanchas cuidado antiedad tarro 50 ml","price":"11,30 €","pricePerUnit":"(226,00 €/l.)","imgUrl":"https://s3.dia.es/medias/hdd/ha4/9527135502366.jpg"},{"title":"GARNIER Skin naturals crema de día essencials regenerador antiarrugas 50 ml","price":"4,50 €","pricePerUnit":"(90,00 €/l.)","imgUrl":"https://s0.dia.es/medias/hc1/h62/9487892054046.jpg"},{"title":"L'OREAL Age perfect crema facial de noche nutrición intensa tarro 50 ml","price":"19,95 €","pricePerUnit":"(399,00 €/l.)","imgUrl":"https://s0.dia.es/medias/hef/h95/9489025761310.jpg"},{"title":"L'OREAL Age perfect renacimiento celular crema facial de día tarro 50 ml","price":"19,90 €","pricePerUnit":"(398,00 €/l.)","imgUrl":"https://s2.dia.es/medias/h75/h92/9489030578206.jpg"},{"title":"L'OREAL Age perfect renacimiento celular crema facial de noche tarro 50 ml","price":"19,99 €","pricePerUnit":"(399,80 €/l.)","imgUrl":"https://s1.dia.es/medias/he8/h5e/9489060298782.jpg"},{"title":"L'OREAL crema antiarrugas hidratante tarro 50ml","price":"8,29 €","pricePerUnit":"(165,80 €/l.)","imgUrl":"https://s0.dia.es/medias/h03/hcd/9489009868830.jpg"},{"title":"L'OREAL crema hidratante de día activos antiedad con calcio tarro 50 ml","price":"8,25 €","pricePerUnit":"(165,00 €/l.)","imgUrl":"https://s1.dia.es/medias/h27/hf7/9489028939806.jpg"},{"title":"L'OREAL crema hidratante dia pieles maduras tarro 50ml","price":"10,00 €","pricePerUnit":"(200,00 €/l.)","imgUrl":"https://s0.dia.es/medias/haa/hd3/9488989093918.jpg"},{"title":"L'OREAL crema hidratante noche pieles maduras tarro 50ml","price":"10,00 €","pricePerUnit":"(200,00 €/l.)","imgUrl":"https://s1.dia.es/medias/hc9/h46/9489044078622.jpg"},{"title":"L'OREAL Expert crema de día intensiva antiarrugas tarro 50 ml","price":"7,95 €","pricePerUnit":"(159,00 €/l.)","imgUrl":"https://s1.dia.es/medias/h78/ha9/9489043095582.jpg"},{"title":"L'OREAL MEN EXPERT crema facial vital-5 tarro 50 ml","price":"9,95 €","pricePerUnit":"(199,00 €/l.)","imgUrl":"https://s2.dia.es/medias/hb4/he7/9498695893022.jpg"},{"title":"L'OREAL Revitalift cicacrem crema de noche reparadora antiedad tarro 50 ml","price":"9,95 €","pricePerUnit":"(199,00 €/l.)","imgUrl":"https://s3.dia.es/medias/h8c/h35/9348678254622.jpg"},{"title":"L'OREAL Revitalift cicacrem crema reparadora antiedad caja 40 ml","price":"10,50 €","pricePerUnit":"(210,00 €/l.)","imgUrl":"https://s0.dia.es/medias/h59/h46/9489025433630.jpg"},{"title":"L'OREAL Revitalift crema de ojos antiarrugas acción intensa tarro 15 ml","price":"9,95 €","pricePerUnit":"(663,33 €/l.)","imgUrl":"https://s1.dia.es/medias/h36/h12/9489056268318.jpg"},{"title":"L'OREAL Revitalift crema hidratante antiarrugas piel normal a mixta tarro 50 ml","price":"10,25 €","pricePerUnit":"(205,00 €/l.)","imgUrl":"https://s2.dia.es/medias/h3c/h09/9489025105950.jpg"},{"title":"L'OREAL Revitalift cuidado hidratante de día antiarrugas spf 30 tarro 50 ml","price":"9,95 €","pricePerUnit":"(199,00 €/l.)","imgUrl":"https://s1.dia.es/medias/h15/he6/9489027399710.jpg"},{"title":"L'OREAL Revitalift filler crema facial antiarrugas tarro 50 ml","price":"18,95 €","pricePerUnit":"(379,00 €/l.)","imgUrl":"https://s0.dia.es/medias/hfb/h13/9489045389342.jpg"},{"title":"L'OREAL Revitalift laser X3 crema de día intensiva antiedad tarro 15 ml","price":"6,95 €","pricePerUnit":"(463,33 €/l.)","imgUrl":"https://s0.dia.es/medias/h53/h12/9489024778270.jpg"},{"title":"L'OREAL Revitalift laser X3 crema de día triple acción antiedad tarro 50 ml","price":"16,50 €","pricePerUnit":"(110,00 €/l.)","imgUrl":"https://s3.dia.es/medias/h73/h91/9489050959902.jpg"},{"title":"L'OREAL Revitalift laser X3 crema de noche antiarrugas intensiva tarro 50 ml","price":"19,50 €","pricePerUnit":"(390,00 €/l.)","imgUrl":"https://s1.dia.es/medias/h9c/hc4/9489038278686.jpg"},{"title":"L'OREAL Revitalift serum hidratante alisador antiarrugas 30 ml","price":"9,95 €","pricePerUnit":"(331,67 €/l.)","imgUrl":"https://s3.dia.es/medias/h4b/h3c/9489065279518.jpg"},{"title":"NIVEA Aqua effect mascarilla hidratante piel normal sachet 2 x 7,5 ml","price":"1,79 €","pricePerUnit":"(119,33 €/l.)","imgUrl":"https://s3.dia.es/medias/hcb/h22/8856529272862.png"},{"title":"NIVEA Aqua effect mascarilla peel off purificante piel mixta sachet 2 x 5 ml","price":"1,79 €","pricePerUnit":"(179,00 €/l.)","imgUrl":"https://s2.dia.es/medias/hcd/h39/8858336165918.png"},{"title":"NIVEA Cellular crema de día antiarrugas spf 15 tarro 50 ml","price":"19,20 €","pricePerUnit":"(384,00 €/l.)","imgUrl":"https://s0.dia.es/medias/h2a/h75/9093728141342.jpg"},{"title":"NIVEA Cellular crema de noche antiarrugas volume filling tarro 50 ml","price":"18,40 €","pricePerUnit":"(368,00 €/l.)","imgUrl":"https://s3.dia.es/medias/hc5/h5f/9227141677086.jpg"},{"title":"NIVEA Cellular crema facial de día antiarrugas spf 30 tarro 50  ml","price":"17,59 €","pricePerUnit":"(351,80 €/l.)","imgUrl":"https://s0.dia.es/medias/h3f/hb3/8896461013022.png"},{"title":"NIVEA Cellular crema facial de día antiedad spf 15 tarro 50 ml","price":"14,95 €","pricePerUnit":"(299,00 €/l.)","imgUrl":"https://s0.dia.es/medias/h6f/hc6/8875570266142.png"},{"title":"NIVEA Cellular hyaluron filler crema con color 3 en 1 tono medio 15 gr","price":"19,99 €","pricePerUnit":"(1 332,67 €/l.)","imgUrl":"https://s3.dia.es/medias/hdf/h71/9361969971230.jpg"},{"title":"NIVEA Cellular hyaluron filler crema con color 3 en 1 tono oscuro 15 gr","price":"19,99 €","pricePerUnit":"(1 332,67 €/l.)","imgUrl":"https://s0.dia.es/medias/hf1/ha3/9361965056030.jpg"},{"title":"NIVEA Cellular pearls serum antiarrugas dosificador 30 ml","price":"16,95 €","pricePerUnit":"(565,00 €/l.)","imgUrl":"https://s1.dia.es/medias/h17/hf6/8962591424542.jpg"},{"title":"NIVEA Cellular perfect skin tratamiento antiedad con fp 15 dosificador 40 ml","price":"14,99 €","pricePerUnit":"(374,75 €/l.)","imgUrl":"https://s1.dia.es/medias/hea/ha8/8946287149086.png"},{"title":"NIVEA crema de día hidratante antiarrugas todo tipo de piel tarro 50 ml","price":"6,99 €","pricePerUnit":"(139,80 €/l.)","imgUrl":"https://s1.dia.es/medias/h34/ha0/8945514545182.png"},{"title":"NIVEA crema de noche hidratante antiarrugas todo tipo de piel tarro 50 ml","price":"8,10 €","pricePerUnit":"(162,00 €/l.)","imgUrl":"https://s3.dia.es/medias/he5/h66/8857982926878.png"},{"title":"NIVEA crema facial de noche antiedad tarro 50 ml","price":"14,95 €","pricePerUnit":"(299,00 €/l.)","imgUrl":"https://s3.dia.es/medias/hc9/h56/8946171936798.png"},{"title":"NIVEA crema facial de noche Q10 plus antiarrugas tarro 50 ml","price":"8,19 €","pricePerUnit":"(163,80 €/l.)","imgUrl":"https://s3.dia.es/medias/h98/h51/8858453213214.png"},{"title":"NIVEA crema facial de noche regeneradora piel normal tarro 50 ml","price":"6,90 €","pricePerUnit":"(138,00 €/l.)","imgUrl":"https://s1.dia.es/medias/hda/hae/8855997808670.png"},{"title":"NIVEA Men active age crema de noche regeneradora antiedad caja 50 ml","price":"7,00 €","pricePerUnit":"(140,00 €/l.)","imgUrl":"https://s0.dia.es/medias/h13/h2f/8920111022110.png"},{"title":"NIVEA Men active age fluido hidratante antiedad caja 50 ml","price":"12,85 €","pricePerUnit":"(257,00 €/l.)","imgUrl":"https://s1.dia.es/medias/hcd/he4/8890258751518.png"},{"title":"NIVEA Men crema hidratante antiarrugas active age dosificador 50 ml","price":"5,00 €","pricePerUnit":"(100,00 €/l.)","imgUrl":"https://s0.dia.es/medias/h5f/hf4/9130878042142.jpg"},{"title":"NIVEA Q10 plus anti-age crema con color 3 en 1 tono medio 15 gr","price":"17,99 €","pricePerUnit":"(17,99 €/ud.)","imgUrl":"https://s3.dia.es/medias/he4/hd0/9432214470686.jpg"},{"title":"NIVEA Q10 plus anti-age crema con color 3 en 1 tono oscuro 15 gr","price":"17,99 €","pricePerUnit":"(1 199,33 €/l.)","imgUrl":"https://s2.dia.es/medias/hf5/h0c/9432559124510.jpg"},{"title":"NIVEA Q10 Plus crema de día antiarrugas energizante sfp 15 tarro 50 ml","price":"10,99 €","pricePerUnit":"(219,80 €/l.)","imgUrl":"https://s1.dia.es/medias/h04/h1d/8858437943326.png"},{"title":"NIVEA Q10 Plus crema de día antiarrugas spf 30 tarro 50 ml","price":"12,15 €","pricePerUnit":"(243,00 €/l.)","imgUrl":"https://s2.dia.es/medias/h42/hf3/8895280349214.png"},{"title":"NIVEA Q10 Plus crema de día humectante antiarrugas light spf 15 tarro 50 ml","price":"10,85 €","pricePerUnit":"(217,00 €/l.)","imgUrl":"https://s1.dia.es/medias/h76/h2d/8855119462430.png"},{"title":"NIVEA Q10 Plus mascarilla suave antiarrugas sachets 2 x 7,5 ml","price":"1,85 €","pricePerUnit":"(123,33 €/l.)","imgUrl":"https://s1.dia.es/medias/h6a/h01/8858362904606.png"},{"title":"NIVEA Q10 Plus serum pearls antiarrugas dosificador 40 ml","price":"12,99 €","pricePerUnit":"(324,75 €/l.)","imgUrl":"https://s0.dia.es/medias/h4a/h5c/8946212700190.png"},{"title":"NIVEA Vital crema de día extra nutritivo antiarrugas piel seca tarro 50 ml","price":"9,99 €","pricePerUnit":"(199,80 €/l.)","imgUrl":"https://s3.dia.es/medias/h41/h7f/8857990791198.png"},{"title":"NIVEA Vital crema de noche regeneradora con extracto de perla y calcio 50ml","price":"7,00 €","pricePerUnit":"(140,00 €/l.)","imgUrl":"https://s1.dia.es/medias/h7f/hc6/8856399183902.png"},{"title":"NIVEA Vital soja anti age crema de día antiarrugas con soja tarro 50 ml","price":"13,35 €","pricePerUnit":"(267,00 €/l.)","imgUrl":"https://s3.dia.es/medias/h1f/h5a/8855105306654.png"},{"title":"NIVEA Vital soja anti age crema de noche antiarrugas con soja tarro 50 ml","price":"10,95 €","pricePerUnit":"(219,00 €/l.)","imgUrl":"https://s2.dia.es/medias/hd9/hc2/8946065244190.png"},{"title":"OLAY crema anti edad dia + serum 2 en 1 50 ml","price":"14,99 €","pricePerUnit":"(299,80 €/l.)","imgUrl":"https://s2.dia.es/medias/hb9/h5e/8858449018910.png"},{"title":"OLAY crema facial de día spf 15 hidratante antiedad efecto lifting tarro 50 ml","price":"13,49 €","pricePerUnit":"(269,80 €/l.)","imgUrl":"https://s1.dia.es/medias/ha9/hcf/8963381133342.jpg"},{"title":"OLAY crema facial de noche hidratante antiedad efecto lifting tarro 50 ml","price":"12,75 €","pricePerUnit":"(255,00 €/l.)","imgUrl":"https://s0.dia.es/medias/h9c/h58/8883878363166.png"},{"title":"OLAY Regenerist 3 áreas de cuidado intensivo tarro 50 ml","price":"29,99 €","pricePerUnit":"(599,80 €/l.)","imgUrl":"https://s0.dia.es/medias/hf4/hc7/9347550347294.jpg"},{"title":"OLAY Regenerist crema antiedad spf 15 dosificador 75 ml","price":"26,95 €","pricePerUnit":"(359,33 €/l.)","imgUrl":"https://s2.dia.es/medias/hb0/h01/9096418426910.jpg"},{"title":"OLAY Regenerist crema de día piel impecable antiedad con spf 30 caja 50 ml","price":"33,75 €","pricePerUnit":"(675,00 €/l.)","imgUrl":"https://s0.dia.es/medias/h22/h66/9193674473502.jpg"},{"title":"OLAY Regenerist crema facial de dia antiedad regeneradora caja 50 ml","price":"24,95 €","pricePerUnit":"(499,00 €/l.)","imgUrl":"https://s3.dia.es/medias/h26/h44/8946190549022.png"},{"title":"OLAY Regenerist crema facial de noche hidratante antiedad tarro 50 ml","price":"24,95 €","pricePerUnit":"(499,00 €/l.)","imgUrl":"https://s2.dia.es/medias/ha5/h98/9096189444126.jpg"},{"title":"OLAY Regenerist crema facial noche 3 áreas de cuidado intensivo tarro 50 ml","price":"29,90 €","pricePerUnit":"(598,00 €/l.)","imgUrl":"https://s1.dia.es/medias/h67/h94/9146523123742.jpg"},{"title":"OLAY Regenerist luminous crema facial antiedad con spf 20 dosificador 50 ml","price":"29,95 €","pricePerUnit":"(599,00 €/l.)","imgUrl":"https://s0.dia.es/medias/h9c/h61/9193738043422.jpg"},{"title":"OLAY Regenerist Luminous crema facial perfeccionadora antiedad tarro 50 ml","price":"33,35 €","pricePerUnit":"(33,35 €/ud.)","imgUrl":"https://s2.dia.es/medias/hf2/hd6/9157474091038.jpg"},{"title":"OLAY Regenerist serum regenerador diario antiedad dosificador 50 ml","price":"26,95 €","pricePerUnit":"(539,00 €/l.)","imgUrl":"https://s3.dia.es/medias/h27/h06/9096387297310.jpg"},{"title":"OLAY Total effects 7 en 1 crema + serum antiedad dúo spf 20 caja 40 ml","price":"19,99 €","pricePerUnit":"(499,75 €/l.)","imgUrl":"https://s0.dia.es/medias/h96/hd2/9146531512350.jpg"},{"title":"OLAY Total effects 7 en 1 crema CC tono claro a medio antiedad caja 50 ml","price":"19,99 €","pricePerUnit":"(399,80 €/l.)","imgUrl":"https://s3.dia.es/medias/h52/h64/9193204252702.jpg"},{"title":"OLAY Total effects 7 en 1 crema CC tono medio a oscuro antiedad caja 50 ml","price":"19,99 €","pricePerUnit":"(399,80 €/l.)","imgUrl":"https://s1.dia.es/medias/h09/hce/9193763602462.jpg"},{"title":"OLAY Total effects 7 en 1 crema de noche hidratante reafirmante caja 50 ml","price":"19,99 €","pricePerUnit":"(399,80 €/l.)","imgUrl":"https://s2.dia.es/medias/hf0/he7/8883744931870.png"},{"title":"OLAY Total effects 7 en 1 crema hidratante tono medio caja 50 ml","price":"20,99 €","pricePerUnit":"(419,80 €/l.)","imgUrl":"https://s3.dia.es/medias/hf9/hdb/9146521026590.jpg"},{"title":"OLAY Total effects 7 en 1 serum suavizante instantáneo antiedad caja 50 ml","price":"19,99 €","pricePerUnit":"(399,80 €/l.)","imgUrl":"https://s1.dia.es/medias/h6e/h4f/9146518536222.jpg"},{"title":"PLACTOGEL lifting reafirmante acción inmediata caja 5 ampollas","price":"9,95 €","pricePerUnit":"(9,95 €/ud.)","imgUrl":"https://s2.dia.es/medias/hca/h0a/9035423711262.jpg"},{"title":"PONDS crema facial triple acción 3A antiarrugas/manchas/flacidez tarro 50ml","price":"6,75 €","pricePerUnit":"(135,00 €/l.)","imgUrl":"https://s3.dia.es/medias/hdb/h38/8966211960862.jpg"},{"title":"ROC fluido antiflacidez reafirmante tubo 40 ml","price":"34,84 €","pricePerUnit":"(871,00 €/l.)","imgUrl":"https://s2.dia.es/medias/h2e/h77/9532610314270.jpg"},{"title":"VICHY Neovadiol cuidado de noche reactivador fundamental tarro 50 ml","price":"32,95 €","pricePerUnit":"(659,00 €/l.)","imgUrl":"https://s2.dia.es/medias/h85/hcb/9035490426910.jpg"},{"title":"VITESSE BB cream 10 crema facial antiedad tubo 150 ml","price":"6,95 €","pricePerUnit":"(46,33 €/l.)","imgUrl":"https://s1.dia.es/medias/h9c/hde/8969133654046.jpg"},{"title":"VITESSE Mineral crema hidratante hydra complex piel normal/mixta tarro 50 ml","price":"6,99 €","pricePerUnit":"(139,80 €/l.)","imgUrl":"https://s2.dia.es/medias/h55/h70/8964362305566.jpg"}]},"hidratantes-y-nutritivas":{"categoryUrl":"/compra-online/productos/perfumeria-e-higiene/cuidado-facial/hidratantes-y-nutritivas/c/WEB.010.081.00544","products":[{"title":"BABARIA crema facial hidratante aloe vera tarro 50 ml","price":"6,45 €","pricePerUnit":"(129,00 €/l.)","imgUrl":"https://s1.dia.es/medias/h39/h9a/9127189184542.jpg"},{"title":"BABARIA crema facial hidratante piel atópica tarro 50 ml","price":"6,45 €","pricePerUnit":"(129,00 €/l.)","imgUrl":"https://s1.dia.es/medias/h73/h63/9127232929822.jpg"},{"title":"BELLA AURORA B7 crema facial antimanchas con spf15 tarro 50 ml","price":"24,95 €","pricePerUnit":"(499,00 €/l.)","imgUrl":"https://s2.dia.es/medias/he5/h8e/8946664046622.png"},{"title":"BELLA AURORA Bio10 serum antimanchas piel mixta/grasa bote 30 ml","price":"29,95 €","pricePerUnit":"(998,33 €/l.)","imgUrl":"https://s2.dia.es/medias/h24/h27/8946338529310.png"},{"title":"BELLA AURORA Bio10 serum antimanchas piel seca bote 30 ml","price":"37,90 €","pricePerUnit":"(1 263,33 €/l.)","imgUrl":"https://s1.dia.es/medias/hec/hb9/8946661687326.png"},{"title":"BELLA AURORA bálsamo nutritivo reparador tarro 50 ml","price":"17,99 €","pricePerUnit":"(359,80 €/l.)","imgUrl":"https://s3.dia.es/medias/h22/h01/9181571481630.jpg"},{"title":"BELLA AURORA fluido solar antimanchas spf 50+ piel normal-seca bote 50 ml","price":"16,95 €","pricePerUnit":"(339,00 €/l.)","imgUrl":"https://s0.dia.es/medias/hfe/h95/8959687262238.png"},{"title":"BELLA AURORA Hydra matte crema hidratante intensiva spf 15 tarro 50 ml","price":"15,95 €","pricePerUnit":"(319,00 €/l.)","imgUrl":"https://s2.dia.es/medias/h97/hcb/9181562568734.jpg"},{"title":"BELLA AURORA Hydra rich crema hidratante intensiva spf 15 tarro 50 ml","price":"15,95 €","pricePerUnit":"(319,00 €/l.)","imgUrl":"https://s2.dia.es/medias/ha1/h75/9181563224094.jpg"},{"title":"BELLA AURORA tratamiento reparador de noche antimanchas tarro 50 ml","price":"23,95 €","pricePerUnit":"(479,00 €/l.)","imgUrl":"https://s0.dia.es/medias/hb8/hf9/9181598187550.jpg"},{"title":"BONTE aceite facial nutritivo dosificador 30 ml","price":"2,99 €","pricePerUnit":"(99,67 €/l.)","imgUrl":"https://s2.dia.es/medias/ha0/h19/9007414247454.jpg"},{"title":"BONTE ampollas efecto flash hidratante caja 5 x 1.5 ml","price":"4,15 €","pricePerUnit":"(153,70 €/Kg.)","imgUrl":"https://s3.dia.es/medias/h5e/ha8/8828652191774.png"},{"title":"BONTE contorno de ojos efecto hidratante envase 15 ml","price":"4,29 €","pricePerUnit":"(286,00 €/l.)","imgUrl":"https://s1.dia.es/medias/h9d/hee/8860550889502.png"},{"title":"BONTE crema de noche nutritiva todo tipo de pieles tarro 50 ml","price":"2,99 €","pricePerUnit":"(59,80 €/l.)","imgUrl":"https://s2.dia.es/medias/ha6/hf3/8828642754590.png"},{"title":"BONTE crema facial de día hidratante piel sensible tarro 50 ml","price":"4,95 €","pricePerUnit":"(99,00 €/l.)","imgUrl":"https://s2.dia.es/medias/hb6/hd0/8957740482590.png"},{"title":"BONTE crema facial de día hidratante pieles mixtas a grasas tarro 50 ml","price":"3,65 €","pricePerUnit":"(73,00 €/l.)","imgUrl":"https://s3.dia.es/medias/h62/h50/8957657120798.png"},{"title":"BONTE crema facial hidratante para pieles grasas tarro 50 ml","price":"2,79 €","pricePerUnit":"(55,80 €/l.)","imgUrl":"https://s3.dia.es/medias/he2/h0a/9039597338654.jpg"},{"title":"BONTE crema hidratante facial anti-edad hombre bote 50 ml","price":"4,15 €","pricePerUnit":"(83,00 €/l.)","imgUrl":"https://s1.dia.es/medias/he1/h27/9025579057182.jpg"},{"title":"BONTE crema hidratante para pieles secas con SPF 15 tarro 50 ml","price":"3,99 €","pricePerUnit":"(79,80 €/l.)","imgUrl":"https://s2.dia.es/medias/h3d/h3e/8860590342174.png"},{"title":"BONTE crema hidratante piel seca tarro 50 ml","price":"3,79 €","pricePerUnit":"(75,80 €/l.)","imgUrl":"https://s1.dia.es/medias/h88/h0d/9039566798878.jpg"},{"title":"BONTE crema hidratante todo tipo de pieles tarro 50 ml","price":"3,79 €","pricePerUnit":"(75,80 €/l.)","imgUrl":"https://s1.dia.es/medias/hd7/h5f/9039644655646.jpg"},{"title":"BONTE fluido hidratante para pieles con barba dosificador 50 ml","price":"2,99 €","pricePerUnit":"(59,80 €/l.)","imgUrl":"https://s3.dia.es/medias/hfc/had/9007500623902.jpg"},{"title":"BONTE serum facial nutritivo sensitivo bote 30 ml","price":"6,48 €","pricePerUnit":"(216,00 €/l.)","imgUrl":"https://s3.dia.es/medias/h78/h62/8961327431710.jpg"},{"title":"BONTE serum facial ultra hidratante 24 horas caja 30 ml","price":"4,79 €","pricePerUnit":"(159,67 €/l.)","imgUrl":"https://s1.dia.es/medias/hc7/h2f/8860413001758.png"},{"title":"BULLDOG crema hidratante antiedad tubo 100 ml","price":"10,95 €","pricePerUnit":"(109,50 €/l.)","imgUrl":"https://s1.dia.es/medias/h76/hdb/8962589065246.jpg"},{"title":"BULLDOG crema hidratante original tubo 100 ml","price":"6,95 €","pricePerUnit":"(69,50 €/l.)","imgUrl":"https://s2.dia.es/medias/h55/h68/8962714566686.jpg"},{"title":"CHEN YU Biolia crema hidratante antiarrugas tarro 50 ml","price":"33,95 €","pricePerUnit":"(679,00 €/l.)","imgUrl":"https://s1.dia.es/medias/hd7/hd5/9130846060574.jpg"},{"title":"CHEN YU crema nutritiva super hidratante pieles muy secas tarro 50 ml","price":"25,95 €","pricePerUnit":"(519,00 €/l.)","imgUrl":"https://s3.dia.es/medias/h09/h96/9135264890910.jpg"},{"title":"CHEN YU fluido super hidratante pieles muy secas tarro 50 ml","price":"25,95 €","pricePerUnit":"(519,00 €/l.)","imgUrl":"https://s3.dia.es/medias/h8b/ha2/9135266201630.jpg"},{"title":"DIADERMINE crema de día hidratante nutritiva piel seca/sensible tarro 50 ml","price":"8,15 €","pricePerUnit":"(163,00 €/l.)","imgUrl":"https://s3.dia.es/medias/heb/hdc/9577487335454.jpg"},{"title":"DIADERMINE Expert nutrición crema facial de día pieles maduras tarro 50 ml","price":"12,95 €","pricePerUnit":"(259,00 €/l.)","imgUrl":"https://s1.dia.es/medias/h54/h3b/9577475211294.jpg"},{"title":"DIADERMINE Expert nutrición crema facial de noche pieles maduras tarro 50 ml","price":"12,95 €","pricePerUnit":"(129,50 €/l.)","imgUrl":"https://s0.dia.es/medias/hc5/h57/8985365512222.jpg"},{"title":"DIADERMINE Hidralist crema de día hidratante tarro 50 ml","price":"8,75 €","pricePerUnit":"(175,00 €/l.)","imgUrl":"https://s0.dia.es/medias/hed/h8a/9298875842590.jpg"},{"title":"DIADERMINE Hidralist mascarilla de noche restauradora tubo 100 ml","price":"8,75 €","pricePerUnit":"(87,50 €/l.)","imgUrl":"https://s1.dia.es/medias/h51/h38/9298859786270.jpg"},{"title":"GARNIER BB cream clásica hidratante diario tono medio tubo 50 ml","price":"11,99 €","pricePerUnit":"(239,80 €/l.)","imgUrl":"https://s2.dia.es/medias/hf0/h83/9487905980446.jpg"},{"title":"GARNIER BB cream hidratante diario antiedad todo en uno tono medio tubo 50ml","price":"9,75 €","pricePerUnit":"(195,00 €/l.)","imgUrl":"https://s0.dia.es/medias/h83/h73/9487874031646.jpg"},{"title":"GARNIER BB cream hidratante diario todo en uno efecto nude tubo 50 ml","price":"10,20 €","pricePerUnit":"(204,00 €/l.)","imgUrl":"https://s1.dia.es/medias/h14/he6/9487883206686.jpg"},{"title":"GARNIER BB cream hidratante diario todo en uno tono claro tubo 50 ml","price":"9,50 €","pricePerUnit":"(190,00 €/l.)","imgUrl":"https://s3.dia.es/medias/hdd/h90/9487912370206.jpg"},{"title":"GARNIER BB cream matificante tono medio piel mixta a grasa tubo 40 ml","price":"10,95 €","pricePerUnit":"(273,75 €/l.)","imgUrl":"https://s1.dia.es/medias/hc0/hae/9487926198302.jpg"},{"title":"GARNIER BB cream perfeccionador tono claro pieles mixtas a grasas tubo 40 ml","price":"10,95 €","pricePerUnit":"(273,75 €/l.)","imgUrl":"https://s0.dia.es/medias/h13/h69/9487913025566.jpg"},{"title":"GARNIER Hidra bomb crema de noche super hidratante antioxidante caja 50 ml","price":"8,99 €","pricePerUnit":"(179,80 €/l.)","imgUrl":"https://s0.dia.es/medias/h23/h3c/8879269969950.png"},{"title":"GARNIER hydra adapt crema hidratante pieles mixtas a grasas tarro 50 ml","price":"6,50 €","pricePerUnit":"(130,00 €/l.)","imgUrl":"https://s3.dia.es/medias/hf9/h97/9487963357214.jpg"},{"title":"GARNIER Skin active bálsamo calmante botánico 3 en 1 con agua de rosas 150 ml","price":"6,85 €","pricePerUnit":"(45,67 €/l.)","imgUrl":"https://s0.dia.es/medias/h83/h01/9487866429470.jpg"},{"title":"GARNIER Skin active bálsamo nutritivo botánico 3 en 1 con miel de flores 150 ml","price":"6,85 €","pricePerUnit":"(45,67 €/l.)","imgUrl":"https://s3.dia.es/medias/h76/h87/9487888777246.jpg"},{"title":"GARNIER Skin active crema hidratante con miel de flores tarro 50 ml","price":"5,95 €","pricePerUnit":"(119,00 €/l.)","imgUrl":"https://s3.dia.es/medias/h70/hcb/9487952805918.jpg"},{"title":"GARNIER Skin active reductora de poros con piedra volcánica sachet 1 ud","price":"1,79 €","pricePerUnit":"(1,79 €/ud.)","imgUrl":"https://s1.dia.es/medias/h91/h97/9487954771998.jpg"},{"title":"GARNIER SKIN NATURAL essencials crema hidratante tarro 50ml","price":"4,50 €","pricePerUnit":"(90,00 €/l.)","imgUrl":"https://s3.dia.es/medias/h9b/hc1/9487937011742.jpg"},{"title":"GARNIER Skinactive bruma hidratante bomb protect spray 75 ml","price":"7,99 €","pricePerUnit":"(106,53 €/l.)","imgUrl":"https://s1.dia.es/medias/hfa/h21/9487899263006.jpg"},{"title":"GARNIER Skinactive crema hidratante calmante bótanico tarro 50 ml","price":"6,50 €","pricePerUnit":"(130,00 €/l.)","imgUrl":"https://s2.dia.es/medias/h9f/h02/9487967944734.jpg"},{"title":"GARNIER Skinactive crema hidratante refrescante botánico tarro 50 ml","price":"6,50 €","pricePerUnit":"(130,00 €/l.)","imgUrl":"https://s1.dia.es/medias/h91/h6f/9487882223646.jpg"},{"title":"GARNIER skinactive gel refrescante botánico 3 en 1 con aloe ecológico 150 ml","price":"6,85 €","pricePerUnit":"(45,67 €/l.)","imgUrl":"https://s0.dia.es/medias/h5b/h22/9487911714846.jpg"},{"title":"GARNIER Skinactive pure hidratante multiacción anti imperfecciones tubo 50 ml","price":"8,70 €","pricePerUnit":"(174,00 €/l.)","imgUrl":"https://s1.dia.es/medias/he3/h1d/9487880585246.jpg"},{"title":"L'OREAL Age perfect crema facial de día nutrición intensa tarro 50 ml","price":"19,95 €","pricePerUnit":"(399,00 €/l.)","imgUrl":"https://s2.dia.es/medias/hd3/h5c/9488996368414.jpg"},{"title":"L'OREAL Age perfect golden age crema de día fortificante piel madura 50 ml","price":"15,25 €","pricePerUnit":"(305,00 €/l.)","imgUrl":"https://s1.dia.es/medias/h4f/h33/9489006919710.jpg"},{"title":"L'OREAL Age perfect golden age crema de noche fortificante piel madura 50 ml","price":"14,95 €","pricePerUnit":"(299,00 €/l.)","imgUrl":"https://s0.dia.es/medias/hf6/hcf/9489040244766.jpg"},{"title":"L'OREAL Hydra genius cuidado hidratante líquido pieles mixtas a grasas 70 ml","price":"9,95 €","pricePerUnit":"(142,14 €/l.)","imgUrl":"https://s2.dia.es/medias/h14/ha6/9489021009950.jpg"},{"title":"L'OREAL Hydra genius cuidado hidratante líquido pieles normales 70 ml","price":"10,50 €","pricePerUnit":"(10,50 €/ud.)","imgUrl":"https://s3.dia.es/medias/h96/hc5/9489032871966.jpg"},{"title":"L'OREAL Hydra genius cuidado líquido hidratante dosificador 50 ml","price":"9,95 €","pricePerUnit":"(199,00 €/l.)","imgUrl":"https://s0.dia.es/medias/hb8/hf1/9489013145630.jpg"},{"title":"L'OREAL mascarilla anti imperfecciones arcillas puras con alga marina tarro 50 ml","price":"9,95 €","pricePerUnit":"(199,00 €/l.)","imgUrl":"https://s0.dia.es/medias/h52/hef/9489033855006.jpg"},{"title":"L'OREAL mascarilla iluminadora arcillas puras con limón tarro 50 ml","price":"9,95 €","pricePerUnit":"(199,00 €/l.)","imgUrl":"https://s3.dia.es/medias/h93/h98/9489038606366.jpg"},{"title":"L'OREAL Men expert crema facial hydra 5 acciones dosificador 50 ml","price":"9,95 €","pricePerUnit":"(199,00 €/l.)","imgUrl":"https://s0.dia.es/medias/hfa/h39/9498702446622.jpg"},{"title":"L'OREAL Men expert crema facial hydra energic dosificador 50 ml","price":"15,99 €","pricePerUnit":"(319,80 €/l.)","imgUrl":"https://s1.dia.es/medias/h01/h30/9498723549214.jpg"},{"title":"L'OREAL Men expert crema facial hydra sensitive dosificador 50 ml","price":"8,95 €","pricePerUnit":"(179,00 €/l.)","imgUrl":"https://s0.dia.es/medias/h77/hd3/9498729775134.jpg"},{"title":"L'OREAL Men expert crema hydra power refrescante 50 ml","price":"7,99 €","pricePerUnit":"(159,80 €/l.)","imgUrl":"https://s1.dia.es/medias/haa/hbe/9498727153694.jpg"},{"title":"L'OREAL Men expert hydra limpiador diario carbón mágnetico tubo 150 ml","price":"6,99 €","pricePerUnit":"(46,60 €/l.)","imgUrl":"https://s0.dia.es/medias/h1a/h43/9498722238494.jpg"},{"title":"L'OREAL Men expert loción hidratante hydra energetic tubo 200 ml","price":"10,99 €","pricePerUnit":"(54,95 €/l.)","imgUrl":"https://s2.dia.es/medias/hcf/h27/9498789838878.jpg"},{"title":"L'OREAL Revitalift filler serum antiarrugas bote 16,5 ml","price":"18,95 €","pricePerUnit":"(1 148,48 €/l.)","imgUrl":"https://s1.dia.es/medias/h23/h8a/9489004625950.jpg"},{"title":"L'OREAL Triple activa gel crema de día hidratante refrescante tarro 50 ml","price":"6,95 €","pricePerUnit":"(139,00 €/l.)","imgUrl":"https://s2.dia.es/medias/h73/h73/9488989749278.jpg"},{"title":"LLULLAGE Acnexpert renovador celular concentrado dosificador 30 ml","price":"22,95 €","pricePerUnit":"(765,00 €/l.)","imgUrl":"https://s1.dia.es/medias/h24/h91/9502030037022.jpg"},{"title":"LULLAGE RougeXpert bruma calmante e hidratante piel sensible spray 50 ml","price":"13,95 €","pricePerUnit":"(279,00 €/l.)","imgUrl":"https://s2.dia.es/medias/h65/h9f/9502028070942.jpg"},{"title":"NIVEA Care crema hidratación intensa para rostro y cuerpo tarro 200 ml","price":"3,99 €","pricePerUnit":"(19,95 €/l.)","imgUrl":"https://s0.dia.es/medias/hf8/hee/8964306862110.jpg"},{"title":"NIVEA crema de día nutritivo hidratante piel seca tarro 50 ml","price":"6,90 €","pricePerUnit":"(138,00 €/l.)","imgUrl":"https://s3.dia.es/medias/hf2/h92/8855108976670.png"},{"title":"NIVEA crema facial de día hidratante piel normal tarro 50 ml","price":"6,90 €","pricePerUnit":"(138,00 €/l.)","imgUrl":"https://s1.dia.es/medias/h7d/h04/8855092461598.png"},{"title":"NIVEA Essentials crema de día hidratante urban defence tarro 50 ml","price":"6,99 €","pricePerUnit":"(139,80 €/l.)","imgUrl":"https://s1.dia.es/medias/he1/h3c/9145950371870.jpg"},{"title":"NIVEA Essentials crema de noche hidratante urban detox tarro 50 ml","price":"6,99 €","pricePerUnit":"(139,80 €/l.)","imgUrl":"https://s2.dia.es/medias/h44/h73/9145925140510.jpg"},{"title":"NIVEA hyaluron cellular filler ampolla ácido hialurónico 5 ml","price":"4,75 €","pricePerUnit":"(950,00 €/l.)","imgUrl":"https://s2.dia.es/medias/h74/h19/9408845742110.jpg"},{"title":"NIVEA mascarilla facial hidratante urban detox tubo 75 ml","price":"3,99 €","pricePerUnit":"(53,20 €/l.)","imgUrl":"https://s3.dia.es/medias/h8f/h33/9347554672670.jpg"},{"title":"NIVEA mascarilla facial minimiza los poros urban detox tubo 75 ml","price":"3,99 €","pricePerUnit":"(53,20 €/l.)","imgUrl":"https://s1.dia.es/medias/h32/ha6/9347531669534.jpg"},{"title":"NIVEA Men active energy crema facial revitalizante caja 50 ml","price":"5,00 €","pricePerUnit":"(100,00 €/l.)","imgUrl":"https://s3.dia.es/medias/h6e/he2/8856524554270.png"},{"title":"NIVEA Men active energy gel facial revitalizante caja 50 ml","price":"9,99 €","pricePerUnit":"(199,80 €/l.)","imgUrl":"https://s2.dia.es/medias/h27/h8f/9181558308894.jpg"},{"title":"NIVEA Men crema hidratante intensiva protege&cuida tarro 50 ml","price":"7,90 €","pricePerUnit":"(158,00 €/l.)","imgUrl":"https://s1.dia.es/medias/ha0/hd6/9369596330014.jpg"},{"title":"NIVEA MEN crema tarro 150 ml","price":"3,99 €","pricePerUnit":"(26,60 €/l.)","imgUrl":"https://s1.dia.es/medias/h9f/hb5/8860982181918.png"},{"title":"NIVEA Men gel hidratante sensitive dosificador 50 ml","price":"7,45 €","pricePerUnit":"(149,00 €/l.)","imgUrl":"https://s0.dia.es/medias/h86/h0f/9130846715934.jpg"},{"title":"NIVEA Men gel limpiador active energy tubo 100 ml","price":"5,15 €","pricePerUnit":"(51,50 €/l.)","imgUrl":"https://s1.dia.es/medias/h80/h21/9129790963742.jpg"},{"title":"NIVEA Men gel limpiador exfoliante protege & cuida tubo 75 ml","price":"5,79 €","pricePerUnit":"(77,20 €/l.)","imgUrl":"https://s2.dia.es/medias/h17/he3/9129781461022.jpg"},{"title":"NIVEA Men gel limpiador refrescante protect & care tubo 100 ml","price":"5,49 €","pricePerUnit":"(54,90 €/l.)","imgUrl":"https://s1.dia.es/medias/h6b/h26/9129800630302.jpg"},{"title":"NIVEA Men gel limpiador sensitive tubo 100 ml","price":"4,99 €","pricePerUnit":"(49,90 €/l.)","imgUrl":"https://s3.dia.es/medias/hd8/he6/9129776873502.jpg"},{"title":"NIVEA Men gel reparador active energy instant fix dosificador 50 ml","price":"11,95 €","pricePerUnit":"(239,00 €/l.)","imgUrl":"https://s1.dia.es/medias/h3a/h0a/8946334793758.png"},{"title":"NIVEA Men originals protector hidratante caja 75 ml","price":"8,15 €","pricePerUnit":"(108,67 €/l.)","imgUrl":"https://s2.dia.es/medias/h5d/h2e/8857025478686.png"},{"title":"NIVEA Men sensitive crema hidratante protector caja 75 ml","price":"8,15 €","pricePerUnit":"(108,67 €/l.)","imgUrl":"https://s1.dia.es/medias/hdd/h3e/8857079218206.png"},{"title":"NIVEA VISAGE crema hidratante Q10 plus tarro 50 ml","price":"11,90 €","pricePerUnit":"(238,00 €/l.)","imgUrl":"https://s0.dia.es/medias/h30/hdf/8856000954398.png"},{"title":"OLAY Complete care crema hidratante de noche tarro 50 ml","price":"11,50 €","pricePerUnit":"(230,00 €/l.)","imgUrl":"https://s0.dia.es/medias/h89/h08/8966215499806.jpg"},{"title":"OLAY Complete crema hidratante de día piel sensible 50 ml","price":"10,95 €","pricePerUnit":"(219,00 €/l.)","imgUrl":"https://s0.dia.es/medias/h08/h4d/9096225226782.jpg"},{"title":"OLAY Complete fluido ligero de día spf 15 bote 100 ml","price":"11,50 €","pricePerUnit":"(115,00 €/l.)","imgUrl":"https://s0.dia.es/medias/hf9/hbc/9130894819358.jpg"},{"title":"OLAY crema de día hidratante antiedad tarro 50 ml","price":"15,40 €","pricePerUnit":"(308,00 €/l.)","imgUrl":"https://s1.dia.es/medias/heb/h08/9096294137886.jpg"},{"title":"OLAY crema de noche hidratante antiedad tarro 50 ml","price":"15,40 €","pricePerUnit":"(308,00 €/l.)","imgUrl":"https://s3.dia.es/medias/hbc/hf6/9096537079838.jpg"},{"title":"OLAY Essentials complete care crema hidratante de día piel normal/seca 50 ml","price":"10,95 €","pricePerUnit":"(219,00 €/l.)","imgUrl":"https://s2.dia.es/medias/he8/h60/9096188788766.jpg"},{"title":"OLAY Regenerist CC cream hidratante reduce arrugas tono medio caja 50 ml","price":"29,90 €","pricePerUnit":"(598,00 €/l.)","imgUrl":"https://s0.dia.es/medias/h89/h03/9146536689694.jpg"},{"title":"OLAY Regenerist luminous serum perfeccionador del tono dosificador 40 ml","price":"35,40 €","pricePerUnit":"(885,00 €/l.)","imgUrl":"https://s1.dia.es/medias/h51/hba/9146527842334.jpg"},{"title":"OLAY Regenerist serum 3 áreas de cuidados intensivos 50 ml","price":"31,99 €","pricePerUnit":"(639,80 €/l.)","imgUrl":"https://s1.dia.es/medias/h84/h54/9347533307934.jpg"}]},"mascarillas":{"categoryUrl":"/compra-online/productos/perfumeria-e-higiene/cuidado-facial/mascarillas/c/WEB.010.081.00545","products":[{"title":"BONTE aceite de rosa mosqueta bote 10 ml","price":"3,19 €","pricePerUnit":"(319,00 €/l.)","imgUrl":"https://s1.dia.es/medias/h12/he2/9081909149726.jpg"},{"title":"BONTE aceite de árbol de té bote 10 ml","price":"3,39 €","pricePerUnit":"(339,00 €/l.)","imgUrl":"https://s0.dia.es/medias/ha0/hb9/9081924747294.jpg"},{"title":"BONTE mascarilla facial efecto antiarrugas sachet 2 uds","price":"1,19 €","pricePerUnit":"(74,38 €/l.)","imgUrl":"https://s3.dia.es/medias/h80/hdc/9258591256606.jpg"},{"title":"BONTE mascarilla facial extra-hidrantante para pieles secas sachet 2 uds","price":"1,19 €","pricePerUnit":"(74,38 €/l.)","imgUrl":"https://s0.dia.es/medias/hfc/h9d/8860471197726.png"},{"title":"BONTE mascarilla facial hidratante para pieles sensibles sachet 2 uds","price":"1,19 €","pricePerUnit":"(74,38 €/l.)","imgUrl":"https://s2.dia.es/medias/hdb/h52/8860486402078.png"},{"title":"BONTE mascarilla facial refrescante fresa sachet 2 x 8 ml","price":"0,50 €","pricePerUnit":"(31,25 €/l.)","imgUrl":"https://s3.dia.es/medias/hc5/h8e/8994558345246.jpg"},{"title":"CHEN YU mascarilla hidratante y purificante a la arcilla 50 ml","price":"15,95 €","pricePerUnit":"(319,00 €/l.)","imgUrl":"https://s1.dia.es/medias/hc9/h5f/9291668062238.jpg"},{"title":"DIADERMINE Lift+ super rellenador con super serum y hialurón tubo 30 ml","price":"9,99 €","pricePerUnit":"(249,75 €/l.)","imgUrl":"https://s2.dia.es/medias/h3a/h0e/9546033037342.jpg"},{"title":"GARNIER Skin active mascarilla facial hidratante calmante sachet 1 ud","price":"2,50 €","pricePerUnit":"(2,50 €/ud.)","imgUrl":"https://s1.dia.es/medias/h81/h42/9488220258334.jpg"},{"title":"GARNIER Skin active mascarilla facial hidratante matificante sachet 1 ud","price":"2,50 €","pricePerUnit":"(2,50 €/ud.)","imgUrl":"https://s3.dia.es/medias/h9e/hd4/9488242212894.jpg"},{"title":"L'OREAL Age perfect golden age loción serum iluminadora diaria bote 125 ml","price":"14,90 €","pricePerUnit":"(119,20 €/l.)","imgUrl":"https://s3.dia.es/medias/h13/h16/9489047355422.jpg"},{"title":"L'OREAL Age perfect renacimiento celular serum regeneración dosificador 30ml","price":"19,99 €","pricePerUnit":"(666,33 €/l.)","imgUrl":"https://s3.dia.es/medias/hc3/h03/9488997351454.jpg"},{"title":"L'OREAL Age perfect serum nutrición intensa con pro-calcio dosificador 30 ml","price":"21,50 €","pricePerUnit":"(716,67 €/l.)","imgUrl":"https://s1.dia.es/medias/h97/hb7/9488997679134.jpg"},{"title":"L'OREAL mascarilla exfoliante arcillas puras roja tarro 50 ml","price":"9,95 €","pricePerUnit":"(199,00 €/l.)","imgUrl":"https://s1.dia.es/medias/h1e/ha1/9489024122910.jpg"},{"title":"L'OREAL Revitalift laser X3 serum antiedad efecto piel nueva botella 30 ml","price":"19,99 €","pricePerUnit":"(666,33 €/l.)","imgUrl":"https://s1.dia.es/medias/h6b/h05/9489050632222.jpg"},{"title":"L'OREAL Skin expert mascarilla arcillas puras efecto detox tarro 50 ml","price":"9,95 €","pricePerUnit":"(199,00 €/l.)","imgUrl":"https://s3.dia.es/medias/h9b/h4c/9489046372382.jpg"},{"title":"L'OREAL Skin expert mascarilla arcillas puras purificante tarro 50 ml","price":"9,95 €","pricePerUnit":"(199,00 €/l.)","imgUrl":"https://s0.dia.es/medias/h24/h36/9489009541150.jpg"},{"title":"NIVEA Cellular perfect skin serum esencia nocturna dosificador 40 ml","price":"14,99 €","pricePerUnit":"(374,75 €/l.)","imgUrl":"https://s1.dia.es/medias/ha0/h21/8946628919326.png"},{"title":"NIVEA Essentials mascarilla facial purificante urban detox tubo 75 ml","price":"4,65 €","pricePerUnit":"(62,00 €/l.)","imgUrl":"https://s0.dia.es/medias/h3f/hf6/9148351545374.jpg"},{"title":"NIVEA pack cuidado básico mascarilla 75 ml + crema 100 + bálsamo","price":"5,99 €","pricePerUnit":"(5,99 €/ud.)","imgUrl":"https://s2.dia.es/medias/h80/hab/9561282445342.jpg"},{"title":"OLAY Regenerist serum reafirmante contorno de ojos tubo 15 ml","price":"24,95 €","pricePerUnit":"(1 663,33 €/l.)","imgUrl":"https://s1.dia.es/medias/h78/hd8/8969187000350.jpg"}]},"contorno-de-ojos":{"categoryUrl":"/compra-online/productos/perfumeria-e-higiene/cuidado-facial/contorno-de-ojos/c/WEB.010.081.00541","products":[{"title":"BABARIA contorno de ojos aloe 15 ml","price":"6,95 €","pricePerUnit":"(463,33 €/l.)","imgUrl":"https://s3.dia.es/medias/h8f/ha9/9181574594590.jpg"},{"title":"BELLA AURORA serum contorno de ojos tubo 15 ml","price":"19,95 €","pricePerUnit":"(1 330,00 €/l.)","imgUrl":"https://s0.dia.es/medias/h48/hee/9181589995550.jpg"},{"title":"BONTE contorno de ojos regenerante Q10 tubo 15 ml","price":"5,35 €","pricePerUnit":"(356,67 €/l.)","imgUrl":"https://s2.dia.es/medias/h7c/h24/9074729025566.jpg"},{"title":"DIADERMINE Expert rejuvenecedor contorno de ojos tubo 15 ml","price":"14,95 €","pricePerUnit":"(299,00 €/l.)","imgUrl":"https://s0.dia.es/medias/had/h4c/9113176211486.jpg"},{"title":"DIADERMINE Lift+ skinplex contorno de ojos 15 ml","price":"9,95 €","pricePerUnit":"(663,33 €/l.)","imgUrl":"https://s0.dia.es/medias/h79/ha4/9347560636446.jpg"},{"title":"GARNIER BB cream ojos piel clara perfeccionador prodigioso roll on 7 ml","price":"8,75 €","pricePerUnit":"(1 250,00 €/l.)","imgUrl":"https://s1.dia.es/medias/h5f/h43/9487910076446.jpg"},{"title":"L'OREAL Revitalift crema de ojos antiarrugas acción intensa tarro 15 ml","price":"9,95 €","pricePerUnit":"(663,33 €/l.)","imgUrl":"https://s1.dia.es/medias/h36/h12/9489056268318.jpg"},{"title":"L'OREAL Revitalift laser X3 cuidado de ojos antiedad tubo 15 ml","price":"18,95 €","pricePerUnit":"(1 263,33 €/l.)","imgUrl":"https://s3.dia.es/medias/h74/h81/9489031233566.jpg"},{"title":"NIVEA Cellular anti age contorno de ojos antiarrugas tubo 15 ml","price":"14,95 €","pricePerUnit":"(996,67 €/l.)","imgUrl":"https://s1.dia.es/medias/hc1/hc7/8946153717790.png"},{"title":"NIVEA Q10 Plus contorno de ojos antiarrugas tubo 15 ml","price":"11,35 €","pricePerUnit":"(756,67 €/l.)","imgUrl":"https://s2.dia.es/medias/h1c/h76/8855757094942.png"},{"title":"OLAY Eyes contorno de ojos pro-retinol tubo 15 ml","price":"34,99 €","pricePerUnit":"(34,99 €/ud.)","imgUrl":"https://s1.dia.es/medias/h43/h0e/9475133308958.jpg"},{"title":"OLAY Eyes crema contorno de ojos tarro 15 ml","price":"29,99 €","pricePerUnit":"(1 999,33 €/l.)","imgUrl":"https://s2.dia.es/medias/h31/h95/9110103326750.jpg"},{"title":"OLAY Eyes crema de ojos iluminadora antiojeras dosificador 15 ml","price":"25,95 €","pricePerUnit":"(1 730,00 €/l.)","imgUrl":"https://s0.dia.es/medias/h21/h6b/9110106275870.jpg"},{"title":"OLAY Regenerist Luminous espiral reductor de ojeras 15 ml","price":"25,95 €","pricePerUnit":"(1 730,00 €/l.)","imgUrl":"https://s0.dia.es/medias/he4/h80/8876356403230.png"},{"title":"OLAY Total effects 7 en 1 crema transformadora de ojos antiedad tarro 15 ml","price":"20,95 €","pricePerUnit":"(1 396,67 €/l.)","imgUrl":"https://s1.dia.es/medias/h92/h16/8985079808030.jpg"}]},"protector-labial":{"categoryUrl":"/compra-online/productos/perfumeria-e-higiene/cuidado-facial/protector-labial/c/WEB.010.081.00548","products":[{"title":"BONTE protector labial con vitamina E envase 2 uds","price":"1,73 €","pricePerUnit":"(0,87 €/ud.)","imgUrl":"https://s3.dia.es/medias/ha8/h12/9379053371422.jpg"},{"title":"BONTE vaselina perfumada sweet coconut tarro 15 gr","price":"1,65 €","pricePerUnit":"(110,00 €/Kg.)","imgUrl":"https://s1.dia.es/medias/h8e/h70/9025495040030.jpg"},{"title":"BONTE vaselina perfumada vainilla dream tarro 15 gr","price":"1,65 €","pricePerUnit":"(110,00 €/Kg.)","imgUrl":"https://s1.dia.es/medias/hf3/h1f/9025529708574.jpg"},{"title":"BONTE vaselina pura tarro 100 gr","price":"1,99 €","pricePerUnit":"(19,90 €/Kg.)","imgUrl":"https://s1.dia.es/medias/h0e/hc6/8860429778974.png"},{"title":"CARMEX bálsamo protector labial hidratante cherry spf 15 tarro 7,5 gr","price":"4,99 €","pricePerUnit":"(66,53 €/Kg.)","imgUrl":"https://s1.dia.es/medias/h6e/h84/9037792018462.jpg"},{"title":"CARMEX bálsamo protector labial hidratante tarro 7,5 gr","price":"4,99 €","pricePerUnit":"(66,53 €/Kg.)","imgUrl":"https://s1.dia.es/medias/hf0/had/9037730086942.jpg"},{"title":"EUDERMIN protector labial con aloe vera y vitamina E blíster 1 ud","price":"2,59 €","pricePerUnit":"(2,59 €/ud.)","imgUrl":"https://s3.dia.es/medias/h94/h4c/9052617670686.jpg"},{"title":"GAL vaselina perfumada 13 ml","price":"1,79 €","pricePerUnit":"(137,69 €/l.)","imgUrl":"https://s0.dia.es/medias/ha6/h44/9096184528926.jpg"},{"title":"LIPOSAN lápiz labial protector solar fp 30 envase 1 ud","price":"3,15 €","pricePerUnit":"(3,15 €/ud.)","imgUrl":"https://s3.dia.es/medias/h6c/h62/8856513019934.png"},{"title":"LIPOSAN protector labial cuidado clásico envase 1 ud","price":"1,85 €","pricePerUnit":"(1,85 €/ud.)","imgUrl":"https://s2.dia.es/medias/hfa/had/8855992041502.png"},{"title":"LIPOSAN protector labial hydro care blíster 1 ud","price":"3,15 €","pricePerUnit":"(3,15 €/ud.)","imgUrl":"https://s2.dia.es/medias/h9c/h42/8857838682142.png"},{"title":"LIPOSAN protector labial soft rose envase 1 ud","price":"1,85 €","pricePerUnit":"(1,85 €/ud.)","imgUrl":"https://s0.dia.es/medias/h08/h67/8856545525790.png"},{"title":"LUXILIPS bálsamo protector labial cherry spf 30 blíster 1 ud","price":"2,25 €","pricePerUnit":"(2,25 €/ud.)","imgUrl":"https://s0.dia.es/medias/h79/h25/9035428233246.jpg"},{"title":"LUXILIPS bálsamo protector labial spf 30 blíster 1 ud","price":"2,15 €","pricePerUnit":"(2,15 €/ud.)","imgUrl":"https://s3.dia.es/medias/h74/h2c/9035419779102.jpg"}]},"cremas-especificas":{"categoryUrl":"/compra-online/productos/perfumeria-e-higiene/cuidado-facial/cremas-especificas/c/WEB.010.081.00542","products":[{"title":"ASPOLVIT serum facial día y noche triple acción 30 ml","price":"16,00 €","pricePerUnit":"(533,33 €/l.)","imgUrl":"https://s2.dia.es/medias/h41/haf/9432666800158.jpg"},{"title":"BELCILS crema regeneradora intensiva de pestañas 4 ml","price":"16,45 €","pricePerUnit":"(4 112,50 €/l.)","imgUrl":"https://s2.dia.es/medias/hc7/hce/9399377231902.jpg"},{"title":"BELCILS crema vitalizante para pestañas 4 ml","price":"11,05 €","pricePerUnit":"(2 762,50 €/l.)","imgUrl":"https://s2.dia.es/medias/hb4/hab/9399415111710.jpg"},{"title":"BELCILS máscara de pestañas fortalecedora negro 7 ml","price":"15,20 €","pricePerUnit":"(2 171,43 €/l.)","imgUrl":"https://s1.dia.es/medias/hed/h29/9399472783390.jpg"},{"title":"BELCILS roll-on desestresante para bolsas y ojeras 8 ml","price":"21,05 €","pricePerUnit":"(2 631,25 €/l.)","imgUrl":"https://s2.dia.es/medias/h23/hf3/9399335551006.jpg"},{"title":"CALIDAD FARMACEUTICA crema facial antiarrugas spf 15 tarro 50 ml","price":"13,99 €","pricePerUnit":"(279,80 €/l.)","imgUrl":"https://s0.dia.es/medias/h80/h20/9428138819614.jpg"},{"title":"DERMATINA crema activo despigmentante spf 20 tarro 50 ml","price":"13,95 €","pricePerUnit":"(279,00 €/l.)","imgUrl":"https://s3.dia.es/medias/hae/h7b/9399379853342.jpg"},{"title":"DERMATINA serum despigmentante corrector de manchas tubo 30 ml","price":"16,50 €","pricePerUnit":"(550,00 €/l.)","imgUrl":"https://s3.dia.es/medias/h86/hf9/9399416422430.jpg"},{"title":"TANIT pack crema despigmentante tubo 15 ml + filtro solar hidratante spf 50 tubo 50ml","price":"28,43 €","pricePerUnit":"(28,43 €/ud.)","imgUrl":"https://s2.dia.es/medias/h23/h3e/9403388887070.jpg"},{"title":"TANIT serum intensivo despigmentante tubo 30 ml","price":"37,84 €","pricePerUnit":"(1 261,33 €/l.)","imgUrl":"https://s3.dia.es/medias/h8d/ha3/9399335223326.jpg"}]},"tratamiento":{"categoryUrl":"/compra-online/productos/perfumeria-e-higiene/cuidado-facial/tratamiento/c/WEB.010.081.00547","products":[{"title":"GARNIER Skinactive agua micelar en aceite bote 400 ml","price":"5,35 €","pricePerUnit":"(13,38 €/l.)","imgUrl":"https://s2.dia.es/medias/h9e/h1a/9487976136734.jpg"}]}},"limpieza-facial":{"name":"Limpiezafacial","productTypes":["leche-y-tonicos-limpiadores","limpieza-desmaquilladores","limpieza-especificos","exfoliante"],"leche-y-tonicos-limpiadores":{"categoryUrl":"/compra-online/productos/perfumeria-e-higiene/limpieza-facial/leche-y-tonicos-limpiadores/c/WEB.010.116.00550","products":[{"title":"BONTE agua micelar 3 en 1 piel sensible bote 500 ml","price":"3,44 €","pricePerUnit":"(6,88 €/l.)","imgUrl":"https://s3.dia.es/medias/hdc/h9c/8958731616286.png"},{"title":"BONTE gel limpiador facial dosificador 250 ml","price":"2,69 €","pricePerUnit":"(10,76 €/l.)","imgUrl":"https://s2.dia.es/medias/hd1/h11/8977070653470.jpg"},{"title":"BONTE gel limpiador facial pieles mixtas a grasas dosificador 250 ml","price":"3,29 €","pricePerUnit":"(13,16 €/l.)","imgUrl":"https://s1.dia.es/medias/h4b/hff/8976988045342.jpg"},{"title":"BONTE leche desmaquillante para pieles sensibles botella 250 ml","price":"1,25 €","pricePerUnit":"(5,00 €/l.)","imgUrl":"https://s2.dia.es/medias/hce/hb0/9039584428062.jpg"},{"title":"BONTE mousse limpiadora limpia y purifica botella 125 ml","price":"2,49 €","pricePerUnit":"(19,92 €/l.)","imgUrl":"https://s2.dia.es/medias/hea/h20/8958751473694.png"},{"title":"BONTE tónico facial para pieles sensibles botella 250 ml","price":"1,65 €","pricePerUnit":"(6,60 €/l.)","imgUrl":"https://s0.dia.es/medias/h5b/h6e/8855833706526.png"},{"title":"BONTE tónico facial purificante para pieles grasas y/o con acné 200 ml","price":"1,89 €","pricePerUnit":"(9,45 €/l.)","imgUrl":"https://s2.dia.es/medias/hb0/h92/8860425584670.png"},{"title":"CHEN YU agua micelar pieles sensibles bote 400 ml","price":"14,75 €","pricePerUnit":"(36,88 €/l.)","imgUrl":"https://s2.dia.es/medias/ha9/h79/9129762783262.jpg"},{"title":"CHEN YU leche limpiadora desmaquillante pieles secas bote 300 ml","price":"14,75 €","pricePerUnit":"(49,17 €/l.)","imgUrl":"https://s0.dia.es/medias/h29/h32/9129787686942.jpg"},{"title":"CLEAN & CLEAR gel limpiador facial diario antiespinillas tubo 150 ml","price":"7,25 €","pricePerUnit":"(48,33 €/l.)","imgUrl":"https://s0.dia.es/medias/haa/h74/8962633629726.jpg"},{"title":"DIA  tónico botella 250ml","price":"0,81 €","pricePerUnit":"(3,24 €/l.)","imgUrl":"https://s0.dia.es/medias/h0d/hc9/9039655403550.jpg"},{"title":"DIA leche limpiadora botella 250 ml","price":"1,19 €","pricePerUnit":"(4,76 €/l.)","imgUrl":"https://s3.dia.es/medias/h8b/h3f/8959510413342.png"},{"title":"DIADERMINE leche limpiadora elimina las impurezas y maquillaje botella 200ml","price":"4,59 €","pricePerUnit":"(22,95 €/l.)","imgUrl":"https://s3.dia.es/medias/h20/h8c/8993850949662.jpg"},{"title":"DIADERMINE loción micelar calmante pieles secas bote 400 ml","price":"5,95 €","pricePerUnit":"(14,88 €/l.)","imgUrl":"https://s3.dia.es/medias/hba/h78/9577486352414.jpg"},{"title":"DIADERMINE tiras faciales purificantes elimina puntos negros caja 6 uds","price":"4,99 €","pricePerUnit":"(4,99 €/ud.)","imgUrl":"https://s1.dia.es/medias/h20/h0d/9227171627038.jpg"},{"title":"DIADERMINE tónico limpiador suave todo tipo de piel botella 200 ml","price":"4,69 €","pricePerUnit":"(23,45 €/l.)","imgUrl":"https://s0.dia.es/medias/hab/h14/8851043975198.jpg"},{"title":"GARNIER Pure active gel limpiador sensitive tubo 150 ml","price":"5,95 €","pricePerUnit":"(39,67 €/l.)","imgUrl":"https://s0.dia.es/medias/h11/h60/9487934717982.jpg"},{"title":"GARNIER Skin active gel limpiador bótanico piel mixta dosificador 200 ml","price":"3,85 €","pricePerUnit":"(77,00 €/l.)","imgUrl":"https://s3.dia.es/medias/h91/h1a/9487904014366.jpg"},{"title":"GARNIER Skinactive gel micelar todo en uno piel sensible dosificador 200 ml","price":"4,19 €","pricePerUnit":"(20,95 €/l.)","imgUrl":"https://s2.dia.es/medias/h2d/h62/9487862104094.jpg"},{"title":"GARNIER Skinactive tónico en gel anti imperfecciones bote 200 ml","price":"4,75 €","pricePerUnit":"(23,75 €/l.)","imgUrl":"https://s1.dia.es/medias/h08/hd0/9487899918366.jpg"},{"title":"GARNIER Skinactive tónico limpiador bótanico piel normal bote 200 ml","price":"3,99 €","pricePerUnit":"(19,95 €/l.)","imgUrl":"https://s1.dia.es/medias/hfb/h1f/9487882551326.jpg"},{"title":"GARNIER Skinactive tónico limpiador calmante bótanico bote 200 ml","price":"3,85 €","pricePerUnit":"(19,25 €/l.)","imgUrl":"https://s1.dia.es/medias/h90/h1e/9487984328734.jpg"},{"title":"L'OREAL gel arcillas puras efecto detox tubo 150 ml","price":"5,90 €","pricePerUnit":"(39,33 €/l.)","imgUrl":"https://s2.dia.es/medias/haa/hf5/9489021337630.jpg"},{"title":"L'OREAL gel purificante arcillas tubo 150 ml","price":"5,90 €","pricePerUnit":"(39,33 €/l.)","imgUrl":"https://s3.dia.es/medias/hd1/hdb/9489002987550.jpg"},{"title":"L'OREAL leche limpiadora flores delicadas piel normal dosificador 400 ml","price":"5,90 €","pricePerUnit":"(14,75 €/l.)","imgUrl":"https://s0.dia.es/medias/h24/h07/9489023139870.jpg"},{"title":"L'OREAL tónico flores delicadas bote 400 ml","price":"5,90 €","pricePerUnit":"(14,75 €/l.)","imgUrl":"https://s1.dia.es/medias/hde/h7e/9489034182686.jpg"},{"title":"LULLAGE Acnexpert gel limpiador purificante dosificador 200 ml","price":"19,95 €","pricePerUnit":"(99,75 €/l.)","imgUrl":"https://s0.dia.es/medias/he8/hc6/9502032330782.jpg"},{"title":"LULLAGE RougeXpert gel limpiador micelar piel sensible dosificador 200 ml","price":"21,25 €","pricePerUnit":"(106,25 €/l.)","imgUrl":"https://s1.dia.es/medias/h3c/h93/9502032003102.jpg"},{"title":"NIVEA gel limpiador refrescante piel normal tubo 150 ml","price":"6,19 €","pricePerUnit":"(41,27 €/l.)","imgUrl":"https://s2.dia.es/medias/h6b/hcb/9129786703902.jpg"},{"title":"NIVEA leche limpiadora suave con aceite de almendras botella 200 ml","price":"4,99 €","pricePerUnit":"(24,95 €/l.)","imgUrl":"https://s1.dia.es/medias/h45/h1c/8858497318942.jpg"},{"title":"NIVEA Q10 Plus leche limpiadora antiarrugas botella 200 ml","price":"6,19 €","pricePerUnit":"(30,95 €/l.)","imgUrl":"https://s0.dia.es/medias/hba/h4b/8857902186526.png"},{"title":"OLAY Essentials tónico revitalizante para todo tipo de pieles botella 200 ml","price":"3,99 €","pricePerUnit":"(19,95 €/l.)","imgUrl":"https://s0.dia.es/medias/h31/h1a/9096202551326.jpg"},{"title":"OLAY Regenerist sistema de limpieza facial 3 áreas de cuidado profesional","price":"30,25 €","pricePerUnit":"(30,25 €/ud.)","imgUrl":"https://s0.dia.es/medias/h22/h86/8946612338718.png"},{"title":"OLAY Total effects 7 en 1 leche limpiadora antiedad bote 200 ml","price":"6,99 €","pricePerUnit":"(34,95 €/l.)","imgUrl":"https://s1.dia.es/medias/he9/hea/9129177022494.jpg"},{"title":"OLAY Total effects 7 en 1 tónico limpiador antiedad bote 200 ml","price":"6,99 €","pricePerUnit":"(34,95 €/l.)","imgUrl":"https://s2.dia.es/medias/h0e/h81/9129219948574.jpg"},{"title":"VITESSE leche limpiadora tri mineral complex bote 400 ml","price":"4,15 €","pricePerUnit":"(10,38 €/l.)","imgUrl":"https://s0.dia.es/medias/h16/hd6/9210140950558.jpg"},{"title":"VITESSE tónico refrescante tri mineral complex cara y ojos bote 400 ml","price":"4,15 €","pricePerUnit":"(10,38 €/l.)","imgUrl":"https://s2.dia.es/medias/h6e/h18/9621622915102.jpg"}]},"limpieza-desmaquilladores":{"categoryUrl":"/compra-online/productos/perfumeria-e-higiene/limpieza-facial/limpieza-desmaquilladores/c/WEB.010.116.00553","products":[{"title":"BEL discos desmaquilladores redondos de algodón 75 uds","price":"1,65 €","pricePerUnit":"(1,65 €/ud.)","imgUrl":"https://s1.dia.es/medias/hcf/h27/8858472611870.png"},{"title":"BELCILS desmaquillante de ojos sensibles 75 ml","price":"10,45 €","pricePerUnit":"(139,33 €/l.)","imgUrl":"https://s3.dia.es/medias/hbe/h37/9403404943390.jpg"},{"title":"BELLA AURORA solución micelar antimanchas bote 250 ml","price":"11,99 €","pricePerUnit":"(47,96 €/l.)","imgUrl":"https://s3.dia.es/medias/hbf/hd3/9129775562782.jpg"},{"title":"BONTE algodón desmaquillador duo bolsa 120 ud","price":"0,76 €","pricePerUnit":"(0,76 €/ud.)","imgUrl":"https://s3.dia.es/medias/h8d/hf0/8959502155806.png"},{"title":"BONTE desmaquillador suave de ojos botella 150 ml","price":"1,74 €","pricePerUnit":"(11,60 €/l.)","imgUrl":"https://s1.dia.es/medias/hc8/hab/9158106251294.jpg"},{"title":"BONTE desmaquillante de ojos waterproof bote 150 ml","price":"1,99 €","pricePerUnit":"(13,27 €/l.)","imgUrl":"https://s0.dia.es/medias/h8b/h23/9125445271582.jpg"},{"title":"BONTE desmaquillante de ojos waterproof formate viaje bote 50 ml","price":"1,00 €","pricePerUnit":"(20,00 €/l.)","imgUrl":"https://s2.dia.es/medias/h17/h97/8957743759390.png"},{"title":"BONTE discos desmaquillantes doble cara suave y lisa envase 50 uds","price":"0,89 €","pricePerUnit":"(0,89 €/ud.)","imgUrl":"https://s1.dia.es/medias/h67/h31/8942771077150.png"},{"title":"BONTE discos desmaquillantes para ojos sensibles bote 60 uds","price":"1,99 €","pricePerUnit":"(1,99 €/ud.)","imgUrl":"https://s1.dia.es/medias/he8/hfa/9158088425502.jpg"},{"title":"BONTE toallitas desmaquillantes para pieles maduras envase 25 uds","price":"1,15 €","pricePerUnit":"(1,15 €/ud.)","imgUrl":"https://s3.dia.es/medias/h05/h7c/8860503179294.png"},{"title":"BONTE toallitas desmaquillantes para pieles sensibles envase 30 uds","price":"1,26 €","pricePerUnit":"(1,26 €/ud.)","imgUrl":"https://s1.dia.es/medias/h3b/h5a/9025538949150.jpg"},{"title":"Toallitas desmaquillantes. Piel normal o mixta","price":"1,19 €","pricePerUnit":"(1,19 €/ud.)","imgUrl":"https://s3.dia.es/medias/h38/h1e/9025587118110.jpg"},{"title":"DEMAK UP discos desmaquillantes expert oval bolsa 50 uds","price":"1,75 €","pricePerUnit":"(1,75 €/ud.)","imgUrl":"https://s0.dia.es/medias/h35/h26/8907783077918.png"},{"title":"DEMAK UP discos desmaquillantes sensitive bolsa 60 uds","price":"1,75 €","pricePerUnit":"(1,75 €/ud.)","imgUrl":"https://s1.dia.es/medias/h0a/h55/9144724946974.jpg"},{"title":"DIADERMINE agua micelar hidratante todo tipo de pieles bote 400 ml","price":"5,95 €","pricePerUnit":"(14,88 €/l.)","imgUrl":"https://s0.dia.es/medias/hac/h03/9577473835038.jpg"},{"title":"DIADERMINE desmaquillador de ojos respeta el ph de la piel botella 125 ml","price":"4,59 €","pricePerUnit":"(36,72 €/l.)","imgUrl":"https://s1.dia.es/medias/h08/h44/9662461935646.jpg"},{"title":"DIADERMINE toallitas desmaquillantes hidratantes pieles sensibles 20 uds","price":"2,45 €","pricePerUnit":"(0,12 €/ud.)","imgUrl":"https://s0.dia.es/medias/he8/h51/8898732032030.png"},{"title":"GARNIER agua micelar todo en uno formato viaje bote 100 ml","price":"1,50 €","pricePerUnit":"(15,00 €/l.)","imgUrl":"https://s1.dia.es/medias/hd7/hed/9487954116638.jpg"},{"title":"GARNIER Pure active 3 en 1 purificante exfoliante y matificante tubo 150 ml","price":"6,99 €","pricePerUnit":"(46,60 €/l.)","imgUrl":"https://s2.dia.es/medias/h5f/h7e/9487889104926.jpg"},{"title":"GARNIER Pure active agua micelar todo en uno piel grasa/mixta botella 400 ml","price":"4,99 €","pricePerUnit":"(12,48 €/l.)","imgUrl":"https://s2.dia.es/medias/h05/h83/9487972204574.jpg"},{"title":"GARNIER Pure active jabón líquido matificante 2 en 1 botella 200 ml","price":"3,99 €","pricePerUnit":"(19,95 €/l.)","imgUrl":"https://s1.dia.es/medias/h06/h94/9487971549214.jpg"},{"title":"GARNIER SKIN NATURALS desmaquillador ojos frasco 125 ml","price":"3,07 €","pricePerUnit":"(20,47 €/l.)","imgUrl":"https://s2.dia.es/medias/h84/hb8/9487936684062.jpg"},{"title":"GARNIER Skin naturals leche desmaquillante rostro y ojos bote 200 ml","price":"3,07 €","pricePerUnit":"(15,35 €/l.)","imgUrl":"https://s1.dia.es/medias/hed/h22/9487897952286.jpg"},{"title":"GARNIER Skinactive agua micelar todo en uno para todo tipo de piel bote 400 ml","price":"4,85 €","pricePerUnit":"(12,12 €/l.)","imgUrl":"https://s2.dia.es/medias/h08/h20/9487960408094.jpg"},{"title":"GARNIER toallitas desmaquillantes refrescantes pack ahorro 2 x 25 uds","price":"3,29 €","pricePerUnit":"(0,07 €/ud.)","imgUrl":"https://s1.dia.es/medias/h79/haf/9487953133598.jpg"},{"title":"GARNIER toallitas desmaquillantes refrescantes piel sensible pack 2x25 uds","price":"3,29 €","pricePerUnit":"(0,07 €/ud.)","imgUrl":"https://s2.dia.es/medias/h2a/h17/9488244506654.jpg"},{"title":"GARNIER toallitas limpiadoras de agua micelar envase 25 uds","price":"2,59 €","pricePerUnit":"(2,59 €/ud.)","imgUrl":"https://s3.dia.es/medias/h97/h14/9487870361630.jpg"},{"title":"L'OREAL agua micelar bifásica bote 400 ml","price":"5,90 €","pricePerUnit":"(14,75 €/l.)","imgUrl":"https://s0.dia.es/medias/hcc/hf2/9489022484510.jpg"},{"title":"L'OREAL agua micelar pieles sensibles bote 400 ml","price":"5,99 €","pricePerUnit":"(14,98 €/l.)","imgUrl":"https://s1.dia.es/medias/h74/ha0/9488999972894.jpg"},{"title":"L'OREAL desmaquillante ojos y labios bote 125 ml","price":"5,59 €","pricePerUnit":"(44,72 €/l.)","imgUrl":"https://s2.dia.es/medias/h30/hd1/9488989421598.jpg"},{"title":"L'OREAL toallitas desmaquillantes flores delicadas envase 25 uds","price":"2,50 €","pricePerUnit":"(0,10 €/ud.)","imgUrl":"https://s2.dia.es/medias/hb1/hbe/9489013473310.jpg"},{"title":"NATURAL HONEY toallitas desmaquillantes 20 unidades","price":"2,69 €","pricePerUnit":"(0,13 €/ud.)","imgUrl":"https://s0.dia.es/medias/hee/hb0/9633756577822.jpg"},{"title":"NIVEA agua micelar desmaquillador todo en uno formato viaje bote 100 ml","price":"1,50 €","pricePerUnit":"(15,00 €/l.)","imgUrl":"https://s3.dia.es/medias/h44/hde/9227156160542.jpg"},{"title":"NIVEA agua micelar piel normal bote 400 ml","price":"3,95 €","pricePerUnit":"(9,88 €/l.)","imgUrl":"https://s0.dia.es/medias/h24/h99/8962787311646.jpg"},{"title":"NIVEA agua micelar piel seca bote 400 ml","price":"3,75 €","pricePerUnit":"(9,38 €/l.)","imgUrl":"https://s3.dia.es/medias/he6/h03/8962682585118.jpg"},{"title":"NIVEA desmaquillador de ojos suave contorno de ojos sensibles botella 125 ml","price":"4,10 €","pricePerUnit":"(32,80 €/l.)","imgUrl":"https://s3.dia.es/medias/h31/h86/8857130893342.png"},{"title":"NIVEA toallitas desmaquilladoras 3 en 1 piel normal envase 40 uds","price":"2,49 €","pricePerUnit":"(0,06 €/ud.)","imgUrl":"https://s3.dia.es/medias/hfa/h47/8830949982238.png"},{"title":"NIVEA toallitas desmaquillantes 3 en 1 piel seca envase 40 uds","price":"2,55 €","pricePerUnit":"(0,06 €/ud.)","imgUrl":"https://s0.dia.es/medias/h09/h1a/8946190876702.png"},{"title":"OLAY Essential toallitas desmaquillantes envase 20 uds","price":"4,05 €","pricePerUnit":"(0,20 €/ud.)","imgUrl":"https://s0.dia.es/medias/hb4/hb9/8946412912670.png"},{"title":"OLAY Essentials gel limpiador refrescante todo tipo de piel tubo 150 ml","price":"3,99 €","pricePerUnit":"(26,60 €/l.)","imgUrl":"https://s0.dia.es/medias/h21/hd5/9122529509406.jpg"},{"title":"PONDS Institute desmaquillante en crema todo tipo de piel tarro 50 ml","price":"6,86 €","pricePerUnit":"(137,20 €/l.)","imgUrl":"https://s3.dia.es/medias/h68/h7e/8962607087646.jpg"}]},"limpieza-especificos":{"categoryUrl":"/compra-online/productos/perfumeria-e-higiene/limpieza-facial/limpieza-especificos/c/WEB.010.116.00551","products":[{"title":"NIVEA desmaquillador de ojos doble acción botella 125 ml","price":"5,45 €","pricePerUnit":"(43,60 €/l.)","imgUrl":"https://s2.dia.es/medias/ha0/h07/8857959333918.png"},{"title":"NIVEA gel desmaquillador de ojos bote 100 ml","price":"4,49 €","pricePerUnit":"(35,92 €/l.)","imgUrl":"https://s2.dia.es/medias/hfe/h1e/9227148886046.jpg"}]},"exfoliante":{"categoryUrl":"/compra-online/productos/perfumeria-e-higiene/limpieza-facial/exfoliante/c/WEB.010.116.00543","products":[{"title":"BELLA AURORA B gel exfoliante antimanchas tubo 75 ml","price":"9,95 €","pricePerUnit":"(132,67 €/l.)","imgUrl":"https://s3.dia.es/medias/h01/h02/9181587046430.jpg"},{"title":"CLEAN & CLEAR exfoliante limpiador diario tubo 150 ml","price":"6,39 €","pricePerUnit":"(42,60 €/l.)","imgUrl":"https://s3.dia.es/medias/hc4/h9c/8959683657758.png"},{"title":"CLEAN & CLEAR limpiador diario antipuntos negros 3 en 1 tubo 150 ml","price":"7,25 €","pricePerUnit":"(48,33 €/l.)","imgUrl":"https://s0.dia.es/medias/h4d/hff/8963336241182.jpg"},{"title":"GARNIER Pure active 3 en 1 mascarilla anti puntos negros tubo 150 ml","price":"5,99 €","pricePerUnit":"(39,93 €/l.)","imgUrl":"https://s3.dia.es/medias/h1f/h5c/9487926525982.jpg"},{"title":"GARNIER Pure active fruit energy gel exfoliante energizante tubo 150 ml","price":"4,75 €","pricePerUnit":"(31,67 €/l.)","imgUrl":"https://s2.dia.es/medias/ha8/hca/9487907291166.jpg"},{"title":"L'OREAL gel exfoliante arcillas puras roja tubo 150 ml","price":"5,90 €","pricePerUnit":"(39,33 €/l.)","imgUrl":"https://s2.dia.es/medias/h52/hab/9489053253662.jpg"},{"title":"NIVEA gel exfoliante purificante para todo tipo de pieles tubo 75 ml","price":"6,55 €","pricePerUnit":"(87,33 €/l.)","imgUrl":"https://s0.dia.es/medias/h53/h5a/8856528224286.png"}]}},"cuidado-manos":{"name":"Cuidadomanos","productTypes":["crema-de-manos","jabon-de-manos-liquido","jabon-de-manos-pastilla"],"crema-de-manos":{"categoryUrl":"/compra-online/productos/perfumeria-e-higiene/cuidado-manos/crema-de-manos/c/WEB.010.082.00554","products":[{"title":"ATRIX crema de manos tarro 250 ml","price":"3,65 €","pricePerUnit":"(14,60 €/l.)","imgUrl":"https://s3.dia.es/medias/h37/h22/9004114444318.jpg"},{"title":"BABARIA crema de manos rosa mosqueta tubo 100 ml","price":"3,25 €","pricePerUnit":"(32,50 €/l.)","imgUrl":"https://s0.dia.es/medias/hb5/hf6/9129805611038.jpg"},{"title":"BONTE crema de manos coco con aceite de argán tubo 30 ml","price":"1,49 €","pricePerUnit":"(49,67 €/l.)","imgUrl":"https://s0.dia.es/medias/hcb/h90/9052480241694.jpg"},{"title":"BONTE crema de manos frutos rojos con aceite de argán tubo 30 ml","price":"1,49 €","pricePerUnit":"(49,67 €/l.)","imgUrl":"https://s2.dia.es/medias/ha1/h78/9052576514078.jpg"},{"title":"BONTE crema de manos hidratante con aloe tubo 150ml","price":"1,10 €","pricePerUnit":"(7,33 €/l.)","imgUrl":"https://s1.dia.es/medias/hab/ha3/9052480667678.jpg"},{"title":"BONTE crema de manos intensiva y reparadora Karité tubo 75 ml","price":"1,45 €","pricePerUnit":"(19,33 €/l.)","imgUrl":"https://s3.dia.es/medias/hae/h77/9015898538014.jpg"},{"title":"BONTE crema de manos mango con aceite de argán tubo 30 ml","price":"1,49 €","pricePerUnit":"(49,67 €/l.)","imgUrl":"https://s0.dia.es/medias/h76/h80/8883778617374.png"},{"title":"BONTE crema de manos melocotón con aceite de argán tubo 30 ml","price":"1,49 €","pricePerUnit":"(49,67 €/l.)","imgUrl":"https://s3.dia.es/medias/h08/h09/9052646637598.jpg"},{"title":"BONTE crema de manos sandia con aceite de argán tubo 30 ml","price":"1,49 €","pricePerUnit":"(49,67 €/l.)","imgUrl":"https://s0.dia.es/medias/h77/h27/9052581036062.jpg"},{"title":"BONTE crema de manos urea 10%  para pieles muy secas tubo 75 ml","price":"1,95 €","pricePerUnit":"(26,00 €/l.)","imgUrl":"https://s2.dia.es/medias/h79/hc6/9127017676830.jpg"},{"title":"BONTE crema de manos vainilla con aceite de argán tubo 30 ml","price":"1,49 €","pricePerUnit":"(49,67 €/l.)","imgUrl":"https://s1.dia.es/medias/h4a/ha0/9052524740638.jpg"},{"title":"BONTE tratamiento intensivo para cutículas envase 15 ml","price":"2,15 €","pricePerUnit":"(143,33 €/l.)","imgUrl":"https://s1.dia.es/medias/h7c/h71/9127090880542.jpg"},{"title":"CHEN YU crema de manos hidro protectora tubo 75 ml","price":"8,95 €","pricePerUnit":"(119,33 €/l.)","imgUrl":"https://s3.dia.es/medias/ha8/h78/9130897440798.jpg"},{"title":"DERMATINA crema de manos nutritiva tubo 50 ml","price":"3,35 €","pricePerUnit":"(67,00 €/Kg.)","imgUrl":"https://s0.dia.es/medias/h40/hf5/9409860632606.jpg"},{"title":"DOVE crema de manos con aceite de coco y almendras tubo 75 ml","price":"2,99 €","pricePerUnit":"(39,87 €/l.)","imgUrl":"https://s0.dia.es/medias/h06/h1c/9347554344990.jpg"},{"title":"EUDERMIN crema de manos concentrada formato viaje tubo 50 ml","price":"2,10 €","pricePerUnit":"(42,00 €/l.)","imgUrl":"https://s0.dia.es/medias/hc6/h71/9129803907102.jpg"},{"title":"EUDERMIN crema de manos protectora con karité y glicerina 15 % tarro 200 ml","price":"4,25 €","pricePerUnit":"(21,25 €/l.)","imgUrl":"https://s2.dia.es/medias/he3/h37/9052626976798.jpg"},{"title":"EUDERMIN crema de manos protectora con karité y glicerina 15 % tubo 75 ml","price":"2,35 €","pricePerUnit":"(31,33 €/l.)","imgUrl":"https://s2.dia.es/medias/had/h91/8857004507166.jpg"},{"title":"EUDERMIN crema de manos protectora express absorción inmediata tubo 75 ml","price":"2,35 €","pricePerUnit":"(31,33 €/l.)","imgUrl":"https://s2.dia.es/medias/hcc/h60/8946544312350.jpg"},{"title":"EUDERMIN crema de manos protectora forte con urea y filtro solar tubo 75 ml","price":"2,65 €","pricePerUnit":"(35,33 €/l.)","imgUrl":"https://s3.dia.es/medias/h05/hc0/8857073451038.jpg"},{"title":"EUDERMIN crema protectora alta de manos tubo 30 ml","price":"1,00 €","pricePerUnit":"(33,33 €/l.)","imgUrl":"https://s1.dia.es/medias/hfa/h6b/8876293488670.png"},{"title":"GISELE DENIS crema de manos intensiva +q10 tubo 100 ml","price":"2,25 €","pricePerUnit":"(22,50 €/l.)","imgUrl":"https://s3.dia.es/medias/hc1/hcc/9129783099422.jpg"},{"title":"GISELE DENIS crema de manos y uñas tubo 100 ml","price":"2,25 €","pricePerUnit":"(22,50 €/l.)","imgUrl":"https://s0.dia.es/medias/ha5/h31/9129802596382.jpg"},{"title":"INSTITUTO ESPAÑOL crema reparadora urea piel seca tubo 150 ml","price":"2,45 €","pricePerUnit":"(16,33 €/l.)","imgUrl":"https://s1.dia.es/medias/h7f/h3c/9004107563038.jpg"},{"title":"LAISEVEN crema de manos flor de algodón hipoalergénica tubo 30 ml","price":"1,00 €","pricePerUnit":"(33,33 €/l.)","imgUrl":"https://s2.dia.es/medias/hdd/hb0/9096441593886.jpg"},{"title":"LIDA crema de manos de glicerina hidrante intensiva tubo 225 ml","price":"3,69 €","pricePerUnit":"(16,40 €/l.)","imgUrl":"https://s2.dia.es/medias/hc0/h9a/9118300405790.jpg"},{"title":"MAVALA aceite secante de esmalte de uñas 10 ml","price":"15,30 €","pricePerUnit":"(1 530,00 €/l.)","imgUrl":"https://s0.dia.es/medias/h5d/h58/9130854842398.jpg"},{"title":"MAVALA crema nutritiva para uñas dañadas tarro 15 ml","price":"21,95 €","pricePerUnit":"(1 463,33 €/l.)","imgUrl":"https://s1.dia.es/medias/hab/hbe/9135266856990.jpg"},{"title":"MAVALA crema para cutículas 15 ml","price":"13,70 €","pricePerUnit":"(913,33 €/l.)","imgUrl":"https://s2.dia.es/medias/h6a/ha2/9130867294238.jpg"},{"title":"MAVALA escudo protector de uñas 10 ml","price":"19,85 €","pricePerUnit":"(1 985,00 €/l.)","imgUrl":"https://s1.dia.es/medias/h41/he8/9130893508638.jpg"},{"title":"MAVALA quitacutículas 10 ml","price":"10,95 €","pricePerUnit":"(1 095,00 €/l.)","imgUrl":"https://s1.dia.es/medias/h14/hb7/9130861723678.jpg"},{"title":"MAVALA secado rápido esmalte de uñas 10 ml","price":"10,50 €","pricePerUnit":"(1 050,00 €/l.)","imgUrl":"https://s3.dia.es/medias/h7b/hf9/9130888921118.jpg"},{"title":"MAVALA serum para uñas secas y muy duras 10 ml","price":"16,90 €","pricePerUnit":"(1 690,00 €/l.)","imgUrl":"https://s3.dia.es/medias/h5d/ha4/9130842390558.jpg"},{"title":"NELLY crema de manos con rosa mosqueta nutre y repara tubo 100 ml","price":"1,79 €","pricePerUnit":"(17,90 €/l.)","imgUrl":"https://s0.dia.es/medias/h8e/hfa/8857038848030.png"},{"title":"NIVEA crema de manos aceite de oliva tubo 100ml","price":"2,09 €","pricePerUnit":"(20,90 €/l.)","imgUrl":"https://s0.dia.es/medias/h54/h76/8856320409630.png"},{"title":"NIVEA crema de manos cuidado intensivo bote 100 ml","price":"3,39 €","pricePerUnit":"(33,90 €/l.)","imgUrl":"https://s2.dia.es/medias/he0/ha4/8985367805982.jpg"},{"title":"NIVEA crema de manos cuidado nutritivo intensivo manos secas tubo 100 ml","price":"3,15 €","pricePerUnit":"(31,50 €/l.)","imgUrl":"https://s0.dia.es/medias/hb2/hde/9161858580510.jpg"},{"title":"NIVEA crema de manos cuidado nutritivo intensivo mini manos secas tubo 30 ml","price":"1,50 €","pricePerUnit":"(50,00 €/l.)","imgUrl":"https://s3.dia.es/medias/h7f/h6a/9240071864350.jpg"},{"title":"NIVEA Q10 Plus crema de manos antiedad formato viaje tubo 30 ml","price":"1,50 €","pricePerUnit":"(50,00 €/l.)","imgUrl":"https://s3.dia.es/medias/h10/h15/8857154060318.png"},{"title":"NIVEA Q10 Plus crema de manos antiedad para manos secas tubo 100 ml","price":"3,69 €","pricePerUnit":"(36,90 €/l.)","imgUrl":"https://s2.dia.es/medias/he5/h2e/9161858908190.jpg"},{"title":"PHARMALINE crema de manos atopic tubo 75 ml","price":"3,59 €","pricePerUnit":"(47,87 €/l.)","imgUrl":"https://s1.dia.es/medias/hcb/h01/9022706909214.jpg"},{"title":"SANEX Advanced crema de manos atopiderm tubo 75 ml","price":"2,59 €","pricePerUnit":"(34,53 €/l.)","imgUrl":"https://s0.dia.es/medias/h24/h88/9522570657822.jpg"},{"title":"TANIT crema de manos despigmentante tubo 50 ml","price":"11,26 €","pricePerUnit":"(225,20 €/l.)","imgUrl":"https://s1.dia.es/medias/h8f/hdd/9399338827806.jpg"}]},"jabon-de-manos-liquido":{"categoryUrl":"/compra-online/productos/perfumeria-e-higiene/cuidado-manos/jabon-de-manos-liquido/c/WEB.010.082.00555","products":[{"title":"BABARIA jabón líquido de manos aloe dosificador 500 ml","price":"1,85 €","pricePerUnit":"(3,70 €/l.)","imgUrl":"https://s1.dia.es/medias/ha0/he0/9139860373534.jpg"},{"title":"BONTE gel limpiador de manos formato viaje bote 100 ml","price":"1,41 €","pricePerUnit":"(14,10 €/l.)","imgUrl":"https://s0.dia.es/medias/h11/had/8969242050590.jpg"},{"title":"BONTE jabon líquido de manos glicerina dosificador 500 ml","price":"1,48 €","pricePerUnit":"(2,96 €/l.)","imgUrl":"https://s1.dia.es/medias/h29/hcb/9587012894750.jpg"},{"title":"BONTE jabón líquido de manos almendra y miel dosificador 500 ml","price":"1,14 €","pricePerUnit":"(2,28 €/l.)","imgUrl":"https://s1.dia.es/medias/h57/h77/8855025811486.png"},{"title":"BONTE jabón líquido de manos aloe vera dosificador 500 ml","price":"1,14 €","pricePerUnit":"(2,28 €/l.)","imgUrl":"https://s0.dia.es/medias/hb9/he0/9125439963166.jpg"},{"title":"BONTE jabón líquido de manos citríco y fresco dosificador 500 ml","price":"1,48 €","pricePerUnit":"(2,96 €/l.)","imgUrl":"https://s2.dia.es/medias/hd3/h9f/9102103576606.jpg"},{"title":"BONTE jabón líquido de manos con urea 5 % botella 500 ml","price":"1,35 €","pricePerUnit":"(2,70 €/l.)","imgUrl":"https://s2.dia.es/medias/h54/ha9/8961244790814.jpg"},{"title":"BONTE jabón líquido de manos oliva dosificador 500 ml","price":"1,14 €","pricePerUnit":"(2,28 €/l.)","imgUrl":"https://s1.dia.es/medias/he6/hcc/9074781192222.jpg"},{"title":"BONTE jabón líquido de manos recambio almendra y miel envase 500 ml","price":"0,95 €","pricePerUnit":"(1,90 €/l.)","imgUrl":"https://s2.dia.es/medias/h27/h8d/8860462809118.png"},{"title":"BONTE jabón líquido de manos recambio aloe vera envase 500 ml","price":"0,95 €","pricePerUnit":"(1,90 €/l.)","imgUrl":"https://s0.dia.es/medias/hba/h4f/8859472527390.png"},{"title":"BONTE jabón líquido de manos recambio oliva envase 500 ml","price":"0,95 €","pricePerUnit":"(1,90 €/l.)","imgUrl":"https://s2.dia.es/medias/hb5/ha0/8860558819358.png"},{"title":"DOLORES PROMESAS jabón de manos con mucho arte bote 300 ml","price":"2,99 €","pricePerUnit":"(9,97 €/l.)","imgUrl":"https://s3.dia.es/medias/h6e/h59/9502647058462.jpg"},{"title":"JUNIORSMILE jabón líquido de manos piruleta dosificador 500 ml","price":"1,19 €","pricePerUnit":"(2,38 €/l.)","imgUrl":"https://s0.dia.es/medias/h0e/h74/9041947164702.jpg"},{"title":"MOUSSEL jabón líquido de manos dosificador 300 ml","price":"1,99 €","pricePerUnit":"(6,63 €/l.)","imgUrl":"https://s2.dia.es/medias/h6d/hc8/8963428155422.jpg"},{"title":"PALMOLIVE jabón líquido de manos leche y miel dosificador 300 ml","price":"2,19 €","pricePerUnit":"(7,30 €/l.)","imgUrl":"https://s2.dia.es/medias/h60/h6b/9557367521310.jpg"}]},"jabon-de-manos-pastilla":{"categoryUrl":"/compra-online/productos/perfumeria-e-higiene/cuidado-manos/jabon-de-manos-pastilla/c/WEB.010.082.00556","products":[{"title":"BONTE jabón de glicerina con miel 100 gr","price":"0,99 €","pricePerUnit":"(9,90 €/Kg.)","imgUrl":"https://s3.dia.es/medias/h11/he7/8855037935646.png"},{"title":"BONTE jabón de manos flor de loto pack 3 x 125 gr","price":"1,65 €","pricePerUnit":"(4,40 €/Kg.)","imgUrl":"https://s3.dia.es/medias/hf6/hf8/8855873552414.png"},{"title":"BONTE jabón de manos miel y leche pack 3 x 125 gr","price":"1,65 €","pricePerUnit":"(4,40 €/Kg.)","imgUrl":"https://s1.dia.es/medias/h54/h4c/8856004100126.png"},{"title":"DOVE jabón de manos pack 2 x 100 gr","price":"2,29 €","pricePerUnit":"(11,45 €/Kg.)","imgUrl":"https://s3.dia.es/medias/ha7/h29/9673724985374.jpg"},{"title":"DOVE jabón de manos pastilla 100 gr","price":"1,15 €","pricePerUnit":"(11,50 €/Kg.)","imgUrl":"https://s2.dia.es/medias/h98/ha1/8962743468062.jpg"},{"title":"DOVE jabón de manos pura y sensitiva hipoalergénico pack 2 x 100 gr","price":"2,29 €","pricePerUnit":"(11,45 €/Kg.)","imgUrl":"https://s2.dia.es/medias/ha5/hfc/9135271116830.jpg"},{"title":"HENO DE PRAVIA jabón de manos original natural pack 2+ 1 gratis","price":"2,29 €","pricePerUnit":"(0,76 €/ud.)","imgUrl":"https://s3.dia.es/medias/h76/h6c/9191480426526.jpg"},{"title":"LA TOJA jabón de manos hidrotermal con sales minerales pack 2 x 125 gr","price":"1,89 €","pricePerUnit":"(0,95 €/ud.)","imgUrl":"https://s0.dia.es/medias/h45/h0e/8966507855902.jpg"},{"title":"LIDA jabón de manos 100 % natural de glicerina con aloe vera pack 3 x 125 gr","price":"3,35 €","pricePerUnit":"(8,93 €/Kg.)","imgUrl":"https://s2.dia.es/medias/hb2/hca/9568131579934.jpg"},{"title":"LIDA jabón de manos 100 % natural de glicerina pack 3 x 125 gr","price":"3,35 €","pricePerUnit":"(8,93 €/Kg.)","imgUrl":"https://s1.dia.es/medias/h1e/h2c/9568120963102.jpg"},{"title":"LUX jabón de manos soft & creamy pack 2 x 125 gr","price":"1,85 €","pricePerUnit":"(7,40 €/Kg.)","imgUrl":"https://s2.dia.es/medias/h62/hae/8856543952926.png"},{"title":"NIVEA jabón de manos creme soft pack 3 x 100 gr","price":"2,49 €","pricePerUnit":"(0,83 €/ud.)","imgUrl":"https://s2.dia.es/medias/ha1/h7f/8857996558366.png"},{"title":"PALMOLIVE jabón de manos delicate care pack 3 uds","price":"1,59 €","pricePerUnit":"(1,59 €/ud.)","imgUrl":"https://s1.dia.es/medias/h82/hf2/9512232386590.jpg"},{"title":"PALMOLIVE jabón de manos oliva pack 3 x 90 gr","price":"1,59 €","pricePerUnit":"(5,89 €/Kg.)","imgUrl":"https://s0.dia.es/medias/h14/hb7/9512287371294.jpg"}]}},"cuidado-pies":{"name":"Cuidadopies","productTypes":["crema","desodorante"],"crema":{"categoryUrl":"/compra-online/productos/perfumeria-e-higiene/cuidado-pies/crema/c/WEB.010.083.00557","products":[{"title":"ANDIX plantillas confort gel talla S 35-38","price":"11,29 €","pricePerUnit":"(11,29 €/ud.)","imgUrl":"https://s1.dia.es/medias/hea/hf2/9510914621470.jpg"},{"title":"ANDIX plantillas gel descanso talla única 35-42","price":"9,99 €","pricePerUnit":"(9,99 €/ud.)","imgUrl":"https://s3.dia.es/medias/hd3/hd6/9079480975390.jpg"},{"title":"BONTE calcetin exfoliante para pies elimina grietas y durezas envase 2 uds","price":"6,99 €","pricePerUnit":"(3,50 €/ud.)","imgUrl":"https://s3.dia.es/medias/hed/ha4/8860137652254.png"},{"title":"BONTE calcetín ultra hidratante para pies envase 2 uds","price":"4,59 €","pricePerUnit":"(2,30 €/ud.)","imgUrl":"https://s2.dia.es/medias/hec/hd4/8828621193246.png"},{"title":"BONTE crema nutritiva reparadora pies 125 ml","price":"1,80 €","pricePerUnit":"(14,40 €/l.)","imgUrl":"https://s0.dia.es/medias/he3/h97/9074808717342.jpg"},{"title":"BONTE crema para pies urea 10% hidrata y repara tubo 125 ml","price":"1,70 €","pricePerUnit":"(13,60 €/l.)","imgUrl":"https://s0.dia.es/medias/h3c/hd4/9127127973918.jpg"},{"title":"BONTE exfoliante de pies 125 ml","price":"1,99 €","pricePerUnit":"(15,92 €/l.)","imgUrl":"https://s1.dia.es/medias/h94/h28/8853720104990.png"},{"title":"BONTE gel frio para pies tubo 200ml","price":"1,75 €","pricePerUnit":"(8,75 €/l.)","imgUrl":"https://s2.dia.es/medias/h95/hbe/8872675803166.png"},{"title":"BYRELAX complet crema hidratante y protección para pies caja 75 ml","price":"4,95 €","pricePerUnit":"(66,00 €/l.)","imgUrl":"https://s2.dia.es/medias/h0e/h04/9052446982174.jpg"},{"title":"EUDERMIN crema para pies tubo 75 ml","price":"2,79 €","pricePerUnit":"(37,20 €/l.)","imgUrl":"https://s1.dia.es/medias/h96/hac/9052496035870.jpg"},{"title":"INSTITUTO ESPAÑOL loción piernas cansadas arnica bote 500 ml","price":"2,75 €","pricePerUnit":"(5,50 €/l.)","imgUrl":"https://s1.dia.es/medias/ha3/hb0/9129772875806.jpg"},{"title":"SALVEPED tubo protector recortable con gel para pies blíster 1 ud","price":"8,99 €","pricePerUnit":"(8,99 €/ud.)","imgUrl":"https://s2.dia.es/medias/hd2/h15/9135284944926.jpg"},{"title":"SCHOLL Gel soft plantillas para hombre uso diario talla 40 - 46.5","price":"18,89 €","pricePerUnit":"(18,89 €/ud.)","imgUrl":"https://s3.dia.es/medias/hf2/h8b/9639128563742.jpg"},{"title":"SCHOLL Gel soft plantillas para tacones muy altos talla 35 - 40.5","price":"14,99 €","pricePerUnit":"(14,99 €/ud.)","imgUrl":"https://s0.dia.es/medias/hca/h36/9403406254110.jpg"},{"title":"SCHOLL Gel soft plantillas para tacones uso diario talla 35 - 40.5","price":"14,99 €","pricePerUnit":"(14,99 €/ud.)","imgUrl":"https://s3.dia.es/medias/h54/he4/9639111720990.jpg"},{"title":"SCHOLL Velvet smooth cabezal de recambio de lima eléctronica envase 2 uds","price":"10,00 €","pricePerUnit":"(5,00 €/ud.)","imgUrl":"https://s0.dia.es/medias/hd6/h31/9639113687070.jpg"},{"title":"SCHOLL Velvet smooth cabezal lima eléctronica recambio envase 1 ud","price":"16,15 €","pricePerUnit":"(8,08 €/ud.)","imgUrl":"https://s0.dia.es/medias/h82/h8a/9639114342430.jpg"},{"title":"SCHOLL Velvet smooth lima electrónica con cristales de diamante 1 ud","price":"41,99 €","pricePerUnit":"(41,99 €/ud.)","imgUrl":"https://s1.dia.es/medias/hd3/h47/9633717256222.jpg"},{"title":"SCHOLL Velvet smooth recambio lima durezas extremas 2 uds","price":"16,15 €","pricePerUnit":"(16,15 €/ud.)","imgUrl":"https://s3.dia.es/medias/hc6/hbd/9639153205278.jpg"}]},"desodorante":{"categoryUrl":"/compra-online/productos/perfumeria-e-higiene/cuidado-pies/desodorante/c/WEB.010.083.00558","products":[{"title":"BONTE desodorante para pies en polvo bote 100 gr","price":"2,29 €","pricePerUnit":"(22,90 €/Kg.)","imgUrl":"https://s2.dia.es/medias/h70/h5e/8957569892382.png"},{"title":"BONTE desodorante pies spray 150 ml","price":"1,84 €","pricePerUnit":"(12,27 €/l.)","imgUrl":"https://s1.dia.es/medias/h63/hfe/9096033239070.jpg"},{"title":"BYRELAX desodorante antitranspirante pies secos y protegidos spray 200 ml","price":"3,99 €","pricePerUnit":"(19,95 €/l.)","imgUrl":"https://s3.dia.es/medias/h04/h64/9052680454174.jpg"},{"title":"BYRELAX desodorante refrescante confort anti mal olor spray 200 ml","price":"3,99 €","pricePerUnit":"(19,95 €/l.)","imgUrl":"https://s2.dia.es/medias/h0b/h42/8856564400158.jpg"},{"title":"DEVOROLOR desodorante antitranspirante para pies y calzado spray 150 ml","price":"7,99 €","pricePerUnit":"(53,27 €/l.)","imgUrl":"https://s3.dia.es/medias/hcf/he0/8946346131486.png"},{"title":"DEVOROLOR polvos para pies mantiene los pies secos y sin olor bote 100 gr","price":"5,59 €","pricePerUnit":"(55,90 €/Kg.)","imgUrl":"https://s2.dia.es/medias/he9/hd2/8946198020126.png"},{"title":"EUDERMIN desodorante refrescante para pies evita el mal olor spray 125 ml","price":"3,79 €","pricePerUnit":"(30,32 €/l.)","imgUrl":"https://s1.dia.es/medias/h6d/hff/8856357699614.png"},{"title":"FUS FRICH desodorante para pies spray 150 ml","price":"4,39 €","pricePerUnit":"(29,27 €/l.)","imgUrl":"https://s2.dia.es/medias/h7f/hd5/8855978410014.png"},{"title":"SCHOLL Fresh step desodorante para pies spray 150 ml","price":"5,50 €","pricePerUnit":"(36,67 €/l.)","imgUrl":"https://s2.dia.es/medias/had/ha6/9639159103518.jpg"}]}},"depilacion":{"name":"Depilación","productTypes":["bandas","cera","crema-gel-y-spray","maquinillas-y-recambios"],"bandas":{"categoryUrl":"/compra-online/productos/perfumeria-e-higiene/depilacion/bandas/c/WEB.010.084.00559","products":[{"title":"BODY NATUR bandas de cera depilatorias brazos y retoques caja 12 uds","price":"2,25 €","pricePerUnit":"(2,25 €/ud.)","imgUrl":"https://s1.dia.es/medias/ha3/he5/9381219434526.jpg"},{"title":"BODY NATUR bandas de cera depilatorias edición tatto caja 12 uds","price":"2,75 €","pricePerUnit":"(0,23 €/ud.)","imgUrl":"https://s2.dia.es/medias/h76/h6e/9380696064030.jpg"},{"title":"BONTE bandas depilatorias corporal caja 20 uds","price":"1,59 €","pricePerUnit":"(0,08 €/ud.)","imgUrl":"https://s1.dia.es/medias/hc2/h84/9077028651038.jpg"},{"title":"BONTE bandas depilatorias facial caja 16 uds","price":"1,44 €","pricePerUnit":"(0,09 €/ud.)","imgUrl":"https://s0.dia.es/medias/hed/h60/9077023080478.jpg"},{"title":"LAURENCE DUMONT bandas de cera depilatoria piel sensible caja 26 uds","price":"3,95 €","pricePerUnit":"(3,95 €/ud.)","imgUrl":"https://s2.dia.es/medias/haa/h5d/9388751388702.jpg"},{"title":"LAURENCE DUMONT bandas depilatorias faciales hipoalergenicas 30 uds","price":"3,95 €","pricePerUnit":"(3,95 €/ud.)","imgUrl":"https://s3.dia.es/medias/h6b/h0a/9409863581726.jpg"},{"title":"LOUA bandas de cera depilatorias axilas formato viaje 12 uds","price":"2,50 €","pricePerUnit":"(2,50 €/ud.)","imgUrl":"https://s3.dia.es/medias/h17/h7f/9388767182878.jpg"},{"title":"LOUA bandas de cera depilatorias bikini formato viaje 12 uds","price":"2,50 €","pricePerUnit":"(2,50 €/ud.)","imgUrl":"https://s3.dia.es/medias/h28/h61/9388730581022.jpg"},{"title":"LOUA bandas de cera depilatorias piernas formato viaje 20 uds","price":"2,95 €","pricePerUnit":"(2,95 €/ud.)","imgUrl":"https://s3.dia.es/medias/ha5/hc1/9388739100702.jpg"},{"title":"LOUA bandas depilatorias faciales formato viaje 12 uds","price":"2,50 €","pricePerUnit":"(2,50 €/ud.)","imgUrl":"https://s2.dia.es/medias/h09/hf4/9388744179742.jpg"},{"title":"TAKY Expert beauty oil bandas de cera depilatorias corporales caja 12 uds","price":"2,99 €","pricePerUnit":"(0,15 €/ud.)","imgUrl":"https://s1.dia.es/medias/h15/he7/9597079552030.jpg"},{"title":"TAKY Expert beauty oil bandas de cera depilatorias faciales caja 12 uds","price":"2,59 €","pricePerUnit":"(0,13 €/ud.)","imgUrl":"https://s0.dia.es/medias/h3f/h97/8857957236766.jpg"},{"title":"TAKY Sensaciones bandas de cera depilatorias corporales chocolate caja 12 ud","price":"2,99 €","pricePerUnit":"(0,25 €/ud.)","imgUrl":"https://s1.dia.es/medias/h4d/h11/9500835774494.jpg"},{"title":"TAKY Sensaciones bandas de cera depilatorias faciales caja 12 uds","price":"2,59 €","pricePerUnit":"(0,13 €/ud.)","imgUrl":"https://s0.dia.es/medias/hbf/hc0/8857852837918.jpg"},{"title":"VEET bandas de cera depilatoria piel sensible caja 40 uds","price":"9,29 €","pricePerUnit":"(0,23 €/ud.)","imgUrl":"https://s0.dia.es/medias/h60/h9f/9637919424542.jpg"},{"title":"VEET Easy gelwax bandas de cera depilatoria facial caja 20 uds","price":"5,79 €","pricePerUnit":"(0,29 €/ud.)","imgUrl":"https://s1.dia.es/medias/hbf/he3/9639141670942.jpg"},{"title":"VEET Easy gelwax bandas de cera depilatoria facial piel normal caja 20 uds","price":"4,99 €","pricePerUnit":"(0,25 €/ud.)","imgUrl":"https://s3.dia.es/medias/hf8/h0c/9637824462878.jpg"},{"title":"VEET Easy gelwax bandas de cera depilatoria piel normal caja 20 uds","price":"7,59 €","pricePerUnit":"(0,38 €/ud.)","imgUrl":"https://s1.dia.es/medias/h54/h60/9639216185374.jpg"},{"title":"VEET Easy gelwax bandas de cera depilatoria piel sensible caja 16 uds","price":"4,99 €","pricePerUnit":"(0,31 €/ud.)","imgUrl":"https://s1.dia.es/medias/h83/h82/9633684946974.jpg"},{"title":"VEET Easy gelwax bandas de cera depilatoria piel sensible caja 40 uds","price":"9,95 €","pricePerUnit":"(0,25 €/ud.)","imgUrl":"https://s3.dia.es/medias/h5a/hca/9639092191262.jpg"},{"title":"VEET Natural inspirations bandas de cera depilatoria todo tipo de pieles caja 20 uds","price":"7,50 €","pricePerUnit":"(0,38 €/ud.)","imgUrl":"https://s1.dia.es/medias/h80/h1b/9639193640990.jpg"}]},"cera":{"categoryUrl":"/compra-online/productos/perfumeria-e-higiene/depilacion/cera/c/WEB.010.084.00560","products":[{"title":"BODY NATUR cera depilatoria corporal roll on 100 ml + 20 bandas","price":"4,99 €","pricePerUnit":"(49,90 €/l.)","imgUrl":"https://s0.dia.es/medias/h8a/h2c/9380699996190.jpg"},{"title":"BODY NATUR cera depilatoria rostro, ingles y axilas con caléndula tarro 100 gr","price":"3,99 €","pricePerUnit":"(39,90 €/Kg.)","imgUrl":"https://s2.dia.es/medias/he3/h9c/9381215272990.jpg"},{"title":"BODY NATUR cera depilatoria rostro, ingles y axilas con orquídea tarro 100 gr","price":"3,99 €","pricePerUnit":"(39,90 €/Kg.)","imgUrl":"https://s3.dia.es/medias/h2b/hfd/9381228544030.jpg"},{"title":"BODY NATUR Click pen cera depilatoria + 20 bandas caja 1 ud","price":"3,99 €","pricePerUnit":"(1 330,00 €/l.)","imgUrl":"https://s3.dia.es/medias/hfc/h08/9381212979230.jpg"},{"title":"BONTE cera depilatoria corporal sin bandas caja 300 gr","price":"4,99 €","pricePerUnit":"(16,63 €/Kg.)","imgUrl":"https://s0.dia.es/medias/hc1/hd8/9077023735838.jpg"},{"title":"BONTE cera depilatoria roll on caja 110 ml","price":"2,79 €","pricePerUnit":"(25,36 €/l.)","imgUrl":"https://s0.dia.es/medias/h38/hbe/9052527362078.jpg"},{"title":"BONTE cera facial depilatoria sin bandas todo tipo de pieles tarro 100 gr","price":"2,45 €","pricePerUnit":"(24,50 €/Kg.)","imgUrl":"https://s0.dia.es/medias/h57/hfb/9052642181150.jpg"},{"title":"DAEN cera depilatoria microondas frutos rojos tarro 100 ml","price":"4,99 €","pricePerUnit":"(49,90 €/Kg.)","imgUrl":"https://s1.dia.es/medias/hd3/ha5/9432667127838.jpg"},{"title":"DAEN cera en pastillas rosa mosqueta 260 gr","price":"5,25 €","pricePerUnit":"(20,19 €/Kg.)","imgUrl":"https://s3.dia.es/medias/hb4/h5d/9432352161822.jpg"},{"title":"TAKY cera depilatoria roll on express fórmula sin calentar envase 100 ml","price":"6,75 €","pricePerUnit":"(67,50 €/l.)","imgUrl":"https://s3.dia.es/medias/hc6/hb8/8853830336542.png"},{"title":"TAKY Oro cera depilatoria roll on 100 ml","price":"6,79 €","pricePerUnit":"(67,90 €/l.)","imgUrl":"https://s1.dia.es/medias/h62/h32/8853603123230.png"},{"title":"TAKY Pro Oro cera divina facial depilatoria caja 100 gr","price":"7,29 €","pricePerUnit":"(72,90 €/Kg.)","imgUrl":"https://s2.dia.es/medias/ha5/h45/8853612560414.png"},{"title":"TAKY Sensaciones cera corporal frutos rojos especial microondas caja 400 gr","price":"8,99 €","pricePerUnit":"(22,48 €/Kg.)","imgUrl":"https://s3.dia.es/medias/hbf/h55/8853561081886.png"},{"title":"VEET cera depilatoria profesional eficaz con el vello corto caja 300 gr","price":"8,95 €","pricePerUnit":"(29,83 €/Kg.)","imgUrl":"https://s0.dia.es/medias/hbe/h90/9639213891614.jpg"},{"title":"VEET Easy wax cera roll on eléctrico piernas y brazos recambio caja 50 ml","price":"8,55 €","pricePerUnit":"(171,00 €/l.)","imgUrl":"https://s0.dia.es/medias/h4e/hbc/9639177125918.jpg"},{"title":"VEET Natural inspirations cera depilatoria a base de azúcar caja 250 ml","price":"7,49 €","pricePerUnit":"(29,96 €/l.)","imgUrl":"https://s1.dia.es/medias/hb8/hce/9639138066462.jpg"}]},"crema-gel-y-spray":{"categoryUrl":"/compra-online/productos/perfumeria-e-higiene/depilacion/crema-gel-y-spray/c/WEB.010.084.00561","products":[{"title":"BODY NATUR crema depilatoria hidratante piel sensible tubo 200 ml","price":"3,25 €","pricePerUnit":"(16,25 €/l.)","imgUrl":"https://s1.dia.es/medias/h2e/he7/9380697047070.jpg"},{"title":"BODY NATUR crema facial depilatoria ultra sensible tubo 20 ml","price":"2,99 €","pricePerUnit":"(149,50 €/l.)","imgUrl":"https://s0.dia.es/medias/he4/h7f/9381222875166.jpg"},{"title":"BODY NATUR gel depilatorio corporal todo tipo de pieles tubo 150 ml","price":"4,79 €","pricePerUnit":"(31,93 €/l.)","imgUrl":"https://s1.dia.es/medias/ha6/hcc/9380696391710.jpg"},{"title":"BODY NATUR kit crema depilatoria bikini y axilas con orquídea tubo 75 ml","price":"3,49 €","pricePerUnit":"(46,53 €/l.)","imgUrl":"https://s0.dia.es/medias/h76/hd1/9381227462686.jpg"},{"title":"BODY NATUR mousse depilatorio todo tipo de piel spray 200 ml","price":"3,95 €","pricePerUnit":"(19,75 €/l.)","imgUrl":"https://s0.dia.es/medias/h31/hd4/9380697702430.jpg"},{"title":"BONTE crema depilatoria corporal pieles sensibles tubo 200 ml","price":"2,50 €","pricePerUnit":"(12,50 €/l.)","imgUrl":"https://s3.dia.es/medias/h13/h0b/9052667281438.jpg"},{"title":"BONTE gel depilación spray pieles sensibles 200 ml","price":"2,00 €","pricePerUnit":"(10,00 €/l.)","imgUrl":"https://s3.dia.es/medias/h0e/hc9/9077023408158.jpg"},{"title":"BONTE loción postdepilatoria hidrata y calma la piel tubo 200 ml","price":"2,85 €","pricePerUnit":"(14,25 €/l.)","imgUrl":"https://s1.dia.es/medias/h69/h57/9052683468830.jpg"},{"title":"BONTE mousse depilatoria pieles sensibles spray 200 ml","price":"3,50 €","pricePerUnit":"(17,50 €/l.)","imgUrl":"https://s0.dia.es/medias/ha5/h08/9110075605022.jpg"},{"title":"CYGNETIC crema decolorante vello facial y corporal 30 ml","price":"5,99 €","pricePerUnit":"(199,67 €/l.)","imgUrl":"https://s0.dia.es/medias/h23/h4e/9645335642142.jpg"},{"title":"DAEN crema depilatoria facial rosa mosqueta tubo 15 ml","price":"2,99 €","pricePerUnit":"(199,33 €/l.)","imgUrl":"https://s3.dia.es/medias/h37/h7b/9432487297054.jpg"},{"title":"GILLETTE For women gel depilatorio satin care piel sensible spray 200 ml","price":"4,45 €","pricePerUnit":"(22,25 €/l.)","imgUrl":"https://s2.dia.es/medias/h41/hae/8962683568158.jpg"},{"title":"TAKY Dúo for men crema depilatoria envase 200 ml","price":"6,59 €","pricePerUnit":"(32,95 €/l.)","imgUrl":"https://s2.dia.es/medias/h2f/h6b/8853614723102.png"},{"title":"TAKY Pro Oro crema depilatoria facial caja 20 ml","price":"4,35 €","pricePerUnit":"(217,50 €/l.)","imgUrl":"https://s1.dia.es/medias/hbf/h19/8853604237342.png"},{"title":"TAKY Pro Oro crema depilatoria suave caja 130 ml","price":"4,35 €","pricePerUnit":"(33,46 €/l.)","imgUrl":"https://s2.dia.es/medias/haa/hc9/8853662367774.png"},{"title":"VEET crema depilatoria de ducha piel sensible tubo 150 ml","price":"4,75 €","pricePerUnit":"(31,67 €/l.)","imgUrl":"https://s3.dia.es/medias/he5/h34/9639143309342.jpg"},{"title":"VEET crema depilatoria piel normal 200 ml","price":"7,99 €","pricePerUnit":"(39,95 €/l.)","imgUrl":"https://s1.dia.es/medias/h5a/hc1/9639088586782.jpg"},{"title":"VEET crema depilatoria piel sensible 200 ml","price":"7,99 €","pricePerUnit":"(39,95 €/l.)","imgUrl":"https://s2.dia.es/medias/h59/hf2/9639141015582.jpg"},{"title":"VEET For men gel crema depilatorio corporal piel sensible tubo 200 ml","price":"5,20 €","pricePerUnit":"(26,00 €/l.)","imgUrl":"https://s2.dia.es/medias/hf1/h32/9640373878814.jpg"},{"title":"VEET for men gel crema depilatorio piel normal tubo 200 ml","price":"7,99 €","pricePerUnit":"(39,95 €/l.)","imgUrl":"https://s2.dia.es/medias/h5f/hee/9640370864158.jpg"},{"title":"VEET lápiz facial 2 en 1 blíster 15 ml","price":"12,95 €","pricePerUnit":"(863,33 €/l.)","imgUrl":"https://s1.dia.es/medias/he7/h49/9639095533598.jpg"},{"title":"VEET Natural inspirations crema depilatoria todo tipo de pieles caja 200 ml","price":"8,45 €","pricePerUnit":"(42,25 €/l.)","imgUrl":"https://s1.dia.es/medias/hb9/h73/9639048347678.jpg"},{"title":"VEET spray depilatorio piel sensible  bote 150ml","price":"4,25 €","pricePerUnit":"(28,33 €/l.)","imgUrl":"https://s3.dia.es/medias/h8f/h2a/9639103528990.jpg"}]},"maquinillas-y-recambios":{"categoryUrl":"/compra-online/productos/perfumeria-e-higiene/depilacion/maquinillas-y-recambios/c/WEB.010.084.00562","products":[{"title":"BIC maquinillas desechables sensitive mujer bolsa 8 + 2 uds","price":"2,99 €","pricePerUnit":"(2,99 €/ud.)","imgUrl":"https://s0.dia.es/medias/hae/h18/9432609652766.jpg"},{"title":"BONTE maquinilla desechable mujer doble hoja bolsa 10 unidades","price":"2,30 €","pricePerUnit":"(0,23 €/ud.)","imgUrl":"https://s1.dia.es/medias/h6d/h3e/8855104258078.png"},{"title":"BONTE maquinillas desechables 3 hojas mujer bolsa 4 uds","price":"1,85 €","pricePerUnit":"(0,46 €/ud.)","imgUrl":"https://s0.dia.es/medias/h1a/hd7/9127189970974.jpg"},{"title":"GILLETTE Blue II plus maquinilla desechable mujer bolsa 5 + 1 uds","price":"3,85 €","pricePerUnit":"(0,64 €/ud.)","imgUrl":"https://s2.dia.es/medias/h09/h35/8963328704542.jpg"},{"title":"GILLETTE Venus breeze maquinilla 2 en 1 blíster 1 ud","price":"7,27 €","pricePerUnit":"(7,27 €/ud.)","imgUrl":"https://s3.dia.es/medias/h97/hda/9272281595934.jpg"},{"title":"GILLETTE Venus breeze recambio maquinilla mujer blíster 4 uds","price":"14,45 €","pricePerUnit":"(3,61 €/ud.)","imgUrl":"https://s3.dia.es/medias/hb0/h72/8853875949598.png"},{"title":"GILLETTE Venus maquinilla de afeitar mujer recambio blíster 4 uds","price":"10,29 €","pricePerUnit":"(2,57 €/ud.)","imgUrl":"https://s0.dia.es/medias/hcb/h7c/8962752905246.jpg"},{"title":"GILLETTE venus maquinilla timmer bikini precision 1 ud","price":"19,99 €","pricePerUnit":"(19,99 €/ud.)","imgUrl":"https://s3.dia.es/medias/h65/h26/9432491229214.jpg"},{"title":"VEET Easy wax roll on eléctrico 50 ml","price":"10,00 €","pricePerUnit":"(200,00 €/l.)","imgUrl":"https://s3.dia.es/medias/hcd/ha3/9639185776670.jpg"},{"title":"VEET recortador eléctrico sensitive precision blíster 1 ud","price":"22,95 €","pricePerUnit":"(22,95 €/ud.)","imgUrl":"https://s3.dia.es/medias/he0/hd9/9639107624990.jpg"},{"title":"VEET Sensitive precision recortador eléctrico blíster 1 ud","price":"22,95 €","pricePerUnit":"(22,95 €/ud.)","imgUrl":"https://s3.dia.es/medias/ha4/he9/9639097499678.jpg"},{"title":"WILKINSON Sword extra beauty 2 maquinilla desechable mujer bolsa 5 uds","price":"2,79 €","pricePerUnit":"(0,40 €/ud.)","imgUrl":"https://s2.dia.es/medias/hbc/h42/8963271032862.jpg"},{"title":"WILKINSON Sword maquinilla intuition sensitive care para mujer blíster 1 ud","price":"4,99 €","pricePerUnit":"(4,99 €/ud.)","imgUrl":"https://s3.dia.es/medias/h02/h8a/8963309043742.jpg"},{"title":"WILKINSON sword quattro maquina de afeitar para mujer blíster 1 ud","price":"10,99 €","pricePerUnit":"(10,99 €/ud.)","imgUrl":"https://s1.dia.es/medias/h73/h81/9432179114014.jpg"}]}},"desodorante":{"name":"Desodorante","productTypes":["roll-on","spray","crema-y-barra"],"roll-on":{"categoryUrl":"/compra-online/productos/perfumeria-e-higiene/desodorante/roll-on/c/WEB.010.085.00563","products":[{"title":"BABARIA desodorante sensitive roll on 50 ml","price":"1,00 €","pricePerUnit":"(20,00 €/l.)","imgUrl":"https://s1.dia.es/medias/hf4/hca/9181565190174.jpg"},{"title":"BONTE desodarante invisible para hombre roll on 50 ml","price":"0,83 €","pricePerUnit":"(16,60 €/l.)","imgUrl":"https://s3.dia.es/medias/h73/h4b/9007449243678.jpg"},{"title":"BONTE desodorante 0% sales de aluminio roll on 50 ml","price":"1,00 €","pricePerUnit":"(20,00 €/l.)","imgUrl":"https://s2.dia.es/medias/h29/hea/9042499993630.jpg"},{"title":"BONTE desodorante anti sudoración excesiva roll on 50 ml","price":"0,99 €","pricePerUnit":"(19,80 €/l.)","imgUrl":"https://s0.dia.es/medias/hd2/h41/9007430762526.jpg"},{"title":"BONTE desodorante atopic roll on 50 ml","price":"1,00 €","pricePerUnit":"(20,00 €/l.)","imgUrl":"https://s0.dia.es/medias/hf9/h0c/9007498985502.jpg"},{"title":"BONTE desodorante dermo care roll on 50 ml","price":"0,79 €","pricePerUnit":"(15,80 €/l.)","imgUrl":"https://s0.dia.es/medias/h58/hf8/9007432663070.jpg"},{"title":"BONTE desodorante invisible roll on 50 ml","price":"0,79 €","pricePerUnit":"(15,80 €/l.)","imgUrl":"https://s1.dia.es/medias/h64/h3f/9007461761054.jpg"},{"title":"BONTE desodorante satin care roll on 50 ml","price":"0,79 €","pricePerUnit":"(15,80 €/l.)","imgUrl":"https://s1.dia.es/medias/hc0/h92/9022693703710.jpg"},{"title":"BONTE desodorante stress care roll on 50 ml","price":"0,79 €","pricePerUnit":"(15,80 €/l.)","imgUrl":"https://s2.dia.es/medias/hcb/h3a/9007452520478.jpg"},{"title":"BONTE desodorante stress control roll on 50 ml","price":"0,83 €","pricePerUnit":"(16,60 €/l.)","imgUrl":"https://s3.dia.es/medias/h8e/h50/9158089408542.jpg"},{"title":"BYLY desodorante roll on extra fresh envase 50ml","price":"1,89 €","pricePerUnit":"(37,80 €/l.)","imgUrl":"https://s1.dia.es/medias/h08/hee/9042606293022.jpg"},{"title":"BYLY desodorante roll on extreme 48 h envase 50ml","price":"1,89 €","pricePerUnit":"(37,80 €/l.)","imgUrl":"https://s1.dia.es/medias/h21/h19/9236516175902.jpg"},{"title":"BYLY desodorante roll on sensitive envase 50ml","price":"1,89 €","pricePerUnit":"(37,80 €/l.)","imgUrl":"https://s2.dia.es/medias/h9b/hc6/9057593098270.jpg"},{"title":"DOVE desodorante go fresh cucumber & green tea scent roll on 50 ml","price":"2,79 €","pricePerUnit":"(55,80 €/l.)","imgUrl":"https://s0.dia.es/medias/h42/h00/9409779499038.jpg"},{"title":"DOVE desodorante go fresh roll on 50 ml","price":"1,99 €","pricePerUnit":"(39,80 €/l.)","imgUrl":"https://s2.dia.es/medias/h83/h01/9678020739102.jpg"},{"title":"DOVE desodorante invisible dry roll on 50 ml","price":"1,85 €","pricePerUnit":"(37,00 €/l.)","imgUrl":"https://s0.dia.es/medias/h18/he0/9006212808734.jpg"},{"title":"DOVE desodorante rollo on original envase 50ml","price":"1,85 €","pricePerUnit":"(37,00 €/l.)","imgUrl":"https://s1.dia.es/medias/h4b/h90/9678021066782.jpg"},{"title":"DOVE Men desodorante clean confort roll on 50 ml","price":"1,85 €","pricePerUnit":"(37,00 €/l.)","imgUrl":"https://s2.dia.es/medias/h63/h92/9678023032862.jpg"},{"title":"FA desodorante bali kiss roll on 50 ml","price":"2,09 €","pricePerUnit":"(41,80 €/l.)","imgUrl":"https://s0.dia.es/medias/h2d/h2c/9577484714014.jpg"},{"title":"FA desodorante limones del caribe roll on 50 ml","price":"2,09 €","pricePerUnit":"(41,80 €/l.)","imgUrl":"https://s0.dia.es/medias/h38/h91/9577460596766.jpg"},{"title":"FA desodorante natural & pure flor de rosas roll on 50 ml","price":"2,09 €","pricePerUnit":"(41,80 €/l.)","imgUrl":"https://s0.dia.es/medias/h03/had/9535755943966.jpg"},{"title":"INSTITUTO ESPAÑOL desodorante pieles atópicas roll on 75 ml","price":"3,25 €","pricePerUnit":"(43,33 €/l.)","imgUrl":"https://s3.dia.es/medias/hbc/h73/9022669848606.jpg"},{"title":"LACTOVIT desodorante original roll on 50 ml","price":"1,99 €","pricePerUnit":"(39,80 €/l.)","imgUrl":"https://s3.dia.es/medias/hf9/hf9/8979745800222.jpg"},{"title":"LACTOVIT desodorante para hombre roll on 50 ml","price":"1,89 €","pricePerUnit":"(37,80 €/l.)","imgUrl":"https://s1.dia.es/medias/hb2/hc9/8856510922782.png"},{"title":"LACTOVIT desodorante piel sensible roll on 50 ml","price":"1,89 €","pricePerUnit":"(37,80 €/l.)","imgUrl":"https://s2.dia.es/medias/hd0/h7b/9236515192862.jpg"},{"title":"LACTOVIT desodorante protector activit roll on 50 ml","price":"1,99 €","pricePerUnit":"(39,80 €/l.)","imgUrl":"https://s0.dia.es/medias/hb0/h13/8857164021790.png"},{"title":"LACTOVIT desodorante reparador lactourea roll on 50 ml","price":"1,89 €","pricePerUnit":"(37,80 €/l.)","imgUrl":"https://s3.dia.es/medias/h94/hb6/9095474315294.jpg"},{"title":"LACTOVIT Men desodorante invisible roll on 50 ml","price":"1,89 €","pricePerUnit":"(37,80 €/l.)","imgUrl":"https://s1.dia.es/medias/h9d/h65/9010106302494.jpg"},{"title":"MUM desodorante brisa fresh roll on 50 ml","price":"1,99 €","pricePerUnit":"(39,80 €/l.)","imgUrl":"https://s1.dia.es/medias/h6a/h43/8857001885726.png"},{"title":"MUM desodorante ocean fresh roll on 50 ml","price":"1,99 €","pricePerUnit":"(39,80 €/l.)","imgUrl":"https://s1.dia.es/medias/hd2/h25/8857152487454.png"},{"title":"MUM desodorante sin perfume roll on 50 ml","price":"1,99 €","pricePerUnit":"(39,80 €/l.)","imgUrl":"https://s0.dia.es/medias/hbb/h43/9236519452702.jpg"},{"title":"MUM Men desodorante classic roll on 50 ml","price":"1,99 €","pricePerUnit":"(39,80 €/l.)","imgUrl":"https://s3.dia.es/medias/h66/h45/8857133219870.png"},{"title":"NIVEA desodorante invisible active for black & white roll on 50 ml","price":"2,09 €","pricePerUnit":"(41,80 €/l.)","imgUrl":"https://s2.dia.es/medias/hae/he2/9041920688158.jpg"},{"title":"NIVEA desodorante invisible fresh for black & white roll on 50 ml","price":"1,99 €","pricePerUnit":"(39,80 €/l.)","imgUrl":"https://s0.dia.es/medias/had/h83/8919175725086.png"},{"title":"NIVEA desodorante protege y cuida roll on 50 ml","price":"1,89 €","pricePerUnit":"(37,80 €/l.)","imgUrl":"https://s3.dia.es/medias/h85/hcb/8896457343006.png"},{"title":"NIVEA desodorante roll on antimanchas black&white envase 50ml","price":"1,99 €","pricePerUnit":"(39,80 €/l.)","imgUrl":"https://s0.dia.es/medias/h60/hc2/8856511971358.png"},{"title":"NIVEA dry desodorante confort roll on 50 ml","price":"1,99 €","pricePerUnit":"(39,80 €/l.)","imgUrl":"https://s2.dia.es/medias/h7a/h51/8855935942686.png"},{"title":"NIVEA Men desodorante dry impact plus roll on 50 ml","price":"1,99 €","pricePerUnit":"(39,80 €/l.)","imgUrl":"https://s0.dia.es/medias/h5d/hc2/8855013752862.png"},{"title":"NIVEA MEN desodorante roll on antimanchas black&white envase 50ml","price":"2,09 €","pricePerUnit":"(41,80 €/l.)","imgUrl":"https://s1.dia.es/medias/h99/h6a/8857049333790.png"},{"title":"PALMOLIVE NB desodorante suave frescura roll on 50 ml","price":"1,99 €","pricePerUnit":"(39,80 €/l.)","imgUrl":"https://s1.dia.es/medias/h0c/hd6/9512183169054.jpg"},{"title":"PALMOLIVE NB desodorante tacto puro roll on 50 ml","price":"1,99 €","pricePerUnit":"(39,80 €/l.)","imgUrl":"https://s1.dia.es/medias/hea/he0/9512309063710.jpg"},{"title":"REXONA desodorante active shield antibacterial roll on 50 ml","price":"1,99 €","pricePerUnit":"(39,80 €/l.)","imgUrl":"https://s2.dia.es/medias/h3d/hb3/9230048362526.jpg"},{"title":"REXONA desodorante aloe vera roll on 50 ml","price":"1,99 €","pricePerUnit":"(39,80 €/l.)","imgUrl":"https://s2.dia.es/medias/h9c/h58/9096321663006.jpg"},{"title":"REXONA desodorante invisible aqua roll on 50 ml","price":"1,79 €","pricePerUnit":"(35,80 €/l.)","imgUrl":"https://s2.dia.es/medias/hb7/h0f/9125414109214.jpg"},{"title":"REXONA desodorante roll on algodón envase 50 ml","price":"1,99 €","pricePerUnit":"(39,80 €/l.)","imgUrl":"https://s3.dia.es/medias/h1a/ha8/8902324584478.jpg"},{"title":"REXONA desodorante tropical roll on 50 ml","price":"1,90 €","pricePerUnit":"(38,00 €/l.)","imgUrl":"https://s2.dia.es/medias/h16/h24/8848167993374.png"},{"title":"REXONA Men desodorante cobalt dry roll on 50 ml","price":"1,99 €","pricePerUnit":"(39,80 €/l.)","imgUrl":"https://s1.dia.es/medias/h77/h02/8855799103518.png"},{"title":"SANEX desodorante atopiderm roll on 50 ml","price":"1,99 €","pricePerUnit":"(39,80 €/l.)","imgUrl":"https://s3.dia.es/medias/hc8/h60/9556738539550.jpg"},{"title":"SANEX desodorante dermacuidado roll on 50 ml","price":"1,99 €","pricePerUnit":"(39,80 €/l.)","imgUrl":"https://s1.dia.es/medias/hc6/h96/9512308736030.jpg"},{"title":"SANEX desodorante dermo 7 en 1 protection roll on 50 ml","price":"1,99 €","pricePerUnit":"(39,80 €/l.)","imgUrl":"https://s1.dia.es/medias/ha5/h6a/9512191033374.jpg"},{"title":"SANEX desodorante dermo extra control roll on 50 ml","price":"1,85 €","pricePerUnit":"(37,00 €/l.)","imgUrl":"https://s2.dia.es/medias/hf6/hfa/9583742681118.jpg"},{"title":"SANEX desodorante dermo invisible roll on 50 ml","price":"1,85 €","pricePerUnit":"(37,00 €/l.)","imgUrl":"https://s1.dia.es/medias/hb2/ha5/9583747923998.jpg"},{"title":"SANEX desodorante dermo sensitive roll on 50 ml","price":"1,85 €","pricePerUnit":"(37,00 €/l.)","imgUrl":"https://s0.dia.es/medias/h1b/hb3/9512295235614.jpg"},{"title":"SANEX desodorante natur protect piel sensible roll on 50 ml","price":"1,99 €","pricePerUnit":"(39,80 €/l.)","imgUrl":"https://s1.dia.es/medias/h4e/h83/9512270757918.jpg"},{"title":"SANEX desodorante natur protect roll on 50 ml","price":"1,85 €","pricePerUnit":"(37,00 €/l.)","imgUrl":"https://s2.dia.es/medias/h60/hc1/9667547496478.jpg"},{"title":"SANEX desodorante natur protect roll on 50 ml","price":"1,99 €","pricePerUnit":"(39,80 €/l.)","imgUrl":"https://s0.dia.es/medias/h55/hd1/9512303001630.jpg"},{"title":"SANEX Men desodorante active control roll on 50 ml","price":"1,95 €","pricePerUnit":"(39,00 €/l.)","imgUrl":"https://s3.dia.es/medias/hf2/hb7/9512282062878.jpg"},{"title":"SANEX Men desodorante dermo invisible roll on 50 ml","price":"1,95 €","pricePerUnit":"(39,00 €/l.)","imgUrl":"https://s1.dia.es/medias/ha9/h77/9512329543710.jpg"},{"title":"SANEX Men desodorante zero % piel normal roll on 50 ml","price":"1,99 €","pricePerUnit":"(39,80 €/l.)","imgUrl":"https://s1.dia.es/medias/h9a/h4d/9512230748190.jpg"}]},"spray":{"categoryUrl":"/compra-online/productos/perfumeria-e-higiene/desodorante/spray/c/WEB.010.085.00564","products":[{"title":"AXE desodorante anarchy for her spray 150 ml","price":"3,79 €","pricePerUnit":"(25,27 €/l.)","imgUrl":"https://s1.dia.es/medias/h61/h39/9678011105310.jpg"},{"title":"AXE desodorante black spray 150 ml","price":"3,60 €","pricePerUnit":"(24,00 €/l.)","imgUrl":"https://s2.dia.es/medias/hce/h69/9677931544606.jpg"},{"title":"AXE desodorante dark temptation formato viaje spray 35 ml","price":"1,00 €","pricePerUnit":"(28,57 €/l.)","imgUrl":"https://s1.dia.es/medias/h33/h53/9568054247454.jpg"},{"title":"AXE desodorante dark temptation spray 150 ml","price":"3,60 €","pricePerUnit":"(24,00 €/l.)","imgUrl":"https://s3.dia.es/medias/h48/hc0/9677938425886.jpg"},{"title":"AXE desodorante excite spray 150 ml","price":"3,79 €","pricePerUnit":"(25,27 €/l.)","imgUrl":"https://s0.dia.es/medias/h62/h58/9677985742878.jpg"},{"title":"AXE desodorante gold temptation spray 150 ml","price":"3,79 €","pricePerUnit":"(25,27 €/l.)","imgUrl":"https://s2.dia.es/medias/h66/hec/9282321907742.jpg"},{"title":"AXE desodorante marine spray 150 ml","price":"3,60 €","pricePerUnit":"(24,00 €/l.)","imgUrl":"https://s2.dia.es/medias/h06/h49/9677932199966.jpg"},{"title":"AXE desodorante you spray 150 ml","price":"3,60 €","pricePerUnit":"(24,00 €/l.)","imgUrl":"https://s1.dia.es/medias/h3b/ha2/9677969883166.jpg"},{"title":"AXE dry desodorante dark temptation spray 150 ml","price":"3,79 €","pricePerUnit":"(25,27 €/l.)","imgUrl":"https://s2.dia.es/medias/h1f/h07/9677930561566.jpg"},{"title":"AZUR de puig desodorante spray 150 ml","price":"5,59 €","pricePerUnit":"(27,95 €/l.)","imgUrl":"https://s2.dia.es/medias/hb2/h9a/9479028899870.jpg"},{"title":"BILY desodorante extreme protect 48 h spray 200 ml","price":"3,29 €","pricePerUnit":"(16,45 €/l.)","imgUrl":"https://s3.dia.es/medias/h3f/h37/9086075699230.jpg"},{"title":"BILY desodorante organic extra fresh spray 200 ml","price":"3,29 €","pricePerUnit":"(16,45 €/l.)","imgUrl":"https://s3.dia.es/medias/h47/h0a/9086123409438.jpg"},{"title":"BONTE desodorante attraction spray 150 ml","price":"1,45 €","pricePerUnit":"(9,67 €/l.)","imgUrl":"https://s0.dia.es/medias/h25/h9d/9158114836510.jpg"},{"title":"BONTE desodorante attraction spray 150 ml","price":"1,59 €","pricePerUnit":"(10,60 €/l.)","imgUrl":"https://s1.dia.es/medias/h62/hed/9241368297502.jpg"},{"title":"BONTE desodorante dark power antitranspirante spray 150 ml","price":"1,59 €","pricePerUnit":"(10,60 €/l.)","imgUrl":"https://s0.dia.es/medias/hf7/hc6/9158084755486.jpg"},{"title":"BONTE desodorante dark power spray 150 ml","price":"1,45 €","pricePerUnit":"(9,67 €/l.)","imgUrl":"https://s0.dia.es/medias/h77/h8b/9158126698526.jpg"},{"title":"BONTE desodorante dermo care spray 200 ml","price":"1,59 €","pricePerUnit":"(7,95 €/l.)","imgUrl":"https://s1.dia.es/medias/hc9/h59/9158108938270.jpg"},{"title":"BONTE desodorante dermo care spray 75 ml","price":"1,00 €","pricePerUnit":"(1,00 €/ud.)","imgUrl":"https://s0.dia.es/medias/he2/h23/9370307985438.jpg"},{"title":"BONTE desodorante fresh care spray 200 ml","price":"1,75 €","pricePerUnit":"(8,75 €/l.)","imgUrl":"https://s2.dia.es/medias/hcb/he8/9198694465566.jpg"},{"title":"BONTE desodorante santin care spray 200 ml","price":"1,59 €","pricePerUnit":"(7,95 €/l.)","imgUrl":"https://s3.dia.es/medias/hdf/h8f/9127222738974.jpg"},{"title":"BONTE desodorante stress control spray 200 ml","price":"1,59 €","pricePerUnit":"(7,95 €/l.)","imgUrl":"https://s1.dia.es/medias/he4/h57/9126995656734.jpg"},{"title":"BONTE desodorante sweet care spray 200 ml","price":"1,59 €","pricePerUnit":"(7,95 €/l.)","imgUrl":"https://s2.dia.es/medias/h50/ha0/9158085476382.jpg"},{"title":"BONTE everyday desodorante invisible spray 200 ml","price":"1,59 €","pricePerUnit":"(7,95 €/l.)","imgUrl":"https://s2.dia.es/medias/h4e/hc9/9334575726622.jpg"},{"title":"BONTE Men desodorante invisible black & white spray 200 ml","price":"1,75 €","pricePerUnit":"(8,75 €/l.)","imgUrl":"https://s3.dia.es/medias/h97/h09/9127071023134.jpg"},{"title":"BONTE Men desodorante stress control spray 200 ml","price":"1,75 €","pricePerUnit":"(8,75 €/l.)","imgUrl":"https://s3.dia.es/medias/hb2/h30/9127183220766.jpg"},{"title":"BRUMMEL desodorante spray 150 ml","price":"4,89 €","pricePerUnit":"(24,45 €/l.)","imgUrl":"https://s1.dia.es/medias/h18/h07/9227142332446.jpg"},{"title":"BYLY desodorante sensitive sin perfume spray 200 ml","price":"3,29 €","pricePerUnit":"(16,45 €/l.)","imgUrl":"https://s3.dia.es/medias/hdc/h83/9086058659870.jpg"},{"title":"DON ALGODON desodorante spray 200 ml","price":"8,55 €","pricePerUnit":"(42,75 €/l.)","imgUrl":"https://s0.dia.es/medias/h0d/h75/8946673156126.png"},{"title":"DOVE desodorante beauty finish spray 200ml","price":"2,99 €","pricePerUnit":"(14,95 €/l.)","imgUrl":"https://s3.dia.es/medias/h69/h7d/9006211825694.jpg"},{"title":"DOVE desodorante go fresh cucumber & green tea scent spray 150 ml","price":"2,99 €","pricePerUnit":"(19,93 €/l.)","imgUrl":"https://s3.dia.es/medias/h8a/h48/9409678147614.jpg"},{"title":"DOVE desodorante go fresh pear&aloe spray 200 ml","price":"3,25 €","pricePerUnit":"(16,25 €/l.)","imgUrl":"https://s0.dia.es/medias/hac/hf7/9079460429854.jpg"},{"title":"DOVE desodorante go fresh spray 200 ml","price":"2,99 €","pricePerUnit":"(14,95 €/l.)","imgUrl":"https://s2.dia.es/medias/h82/h90/9621704179742.jpg"},{"title":"DOVE desodorante invisible dry spray 200 ml","price":"2,99 €","pricePerUnit":"(14,95 €/l.)","imgUrl":"https://s2.dia.es/medias/h78/h7a/9006207238174.jpg"},{"title":"DOVE desodorante original formato viaje spray 35 ml","price":"1,00 €","pricePerUnit":"(28,57 €/l.)","imgUrl":"https://s2.dia.es/medias/hde/hbc/9678020411422.jpg"},{"title":"DOVE desodorante original spray 200 ml","price":"2,99 €","pricePerUnit":"(14,95 €/l.)","imgUrl":"https://s1.dia.es/medias/hf1/h2c/9006210842654.jpg"},{"title":"DOVE Men desodorante clean confort formato viaje spray 35 ml","price":"1,00 €","pricePerUnit":"(28,57 €/l.)","imgUrl":"https://s0.dia.es/medias/hfa/hf2/9678022049822.jpg"},{"title":"DOVE Men desodorante clean confort spray 200 ml","price":"3,25 €","pricePerUnit":"(16,25 €/l.)","imgUrl":"https://s3.dia.es/medias/h64/hb9/9677931216926.jpg"},{"title":"DOVE Men desodorante invisible dry spray 200 ml","price":"3,49 €","pricePerUnit":"(17,45 €/l.)","imgUrl":"https://s0.dia.es/medias/hc3/h4b/9145965314078.jpg"},{"title":"FA desodorante aqua spray 200ml","price":"3,09 €","pricePerUnit":"(15,45 €/l.)","imgUrl":"https://s0.dia.es/medias/h77/h45/9577469739038.jpg"},{"title":"FA desodorante limones del caribe spray 200 ml","price":"3,09 €","pricePerUnit":"(15,45 €/l.)","imgUrl":"https://s0.dia.es/medias/h2d/h1a/9577503916062.jpg"},{"title":"FA desodorante natural & pure flor de rosas spray 200 ml","price":"3,09 €","pricePerUnit":"(15,45 €/l.)","imgUrl":"https://s0.dia.es/medias/h08/h10/9535907463198.jpg"},{"title":"FA desodorante pink passion spray 200 ml","price":"3,09 €","pricePerUnit":"(15,45 €/l.)","imgUrl":"https://s0.dia.es/medias/h3e/hae/9577499688990.jpg"},{"title":"HENO DE PRAVIA desodorante glicerina té blanco piel sensible spray 200 ml","price":"2,75 €","pricePerUnit":"(13,75 €/l.)","imgUrl":"https://s0.dia.es/medias/ha8/h99/8946595561502.png"},{"title":"HENO DE PRAVIA desodorante sin alcohol spray 200ml","price":"2,75 €","pricePerUnit":"(11,00 €/l.)","imgUrl":"https://s0.dia.es/medias/h50/hda/9371983216670.jpg"},{"title":"LACTOVIT desodorante invisible spray 200 ml","price":"2,49 €","pricePerUnit":"(12,45 €/l.)","imgUrl":"https://s1.dia.es/medias/h21/hed/9568163102750.jpg"},{"title":"LACTOVIT desodorante original 2 spray 200ml","price":"2,49 €","pricePerUnit":"(12,45 €/l.)","imgUrl":"https://s3.dia.es/medias/h2b/he7/9091104047134.jpg"},{"title":"LACTOVIT desodorante para hombre spray 200 ml","price":"2,49 €","pricePerUnit":"(12,45 €/l.)","imgUrl":"https://s0.dia.es/medias/ha2/hcb/9095910653982.jpg"},{"title":"LACTOVIT desodorante piel sensible spray 200 ml","price":"2,49 €","pricePerUnit":"(12,45 €/l.)","imgUrl":"https://s3.dia.es/medias/hdd/h72/9095926054942.jpg"},{"title":"LACTOVIT desodorante protector activit spray 200 ml","price":"2,79 €","pricePerUnit":"(13,95 €/l.)","imgUrl":"https://s1.dia.es/medias/he9/hce/8919375904798.jpg"},{"title":"LACTOVIT desodorante reparador lactourea spray 200 ml","price":"2,49 €","pricePerUnit":"(12,45 €/l.)","imgUrl":"https://s1.dia.es/medias/h2d/hd0/9096020033566.jpg"},{"title":"LACTOVIT Men desodorante invisible spray 200 ml","price":"2,99 €","pricePerUnit":"(14,95 €/l.)","imgUrl":"https://s0.dia.es/medias/h41/he3/9086094442526.jpg"},{"title":"MAGNO desodorante classic original spray 150 ml","price":"2,99 €","pricePerUnit":"(19,93 €/l.)","imgUrl":"https://s0.dia.es/medias/ha2/h41/9536195100702.jpg"},{"title":"NIVEA desodorante dry comfort spray 200 ml","price":"2,99 €","pricePerUnit":"(14,95 €/l.)","imgUrl":"https://s3.dia.es/medias/h3f/h61/9095910064158.jpg"},{"title":"NIVEA desodorante fresh flower spray 150 ml","price":"2,70 €","pricePerUnit":"(18,00 €/l.)","imgUrl":"https://s2.dia.es/medias/he9/hcd/9520194748446.jpg"},{"title":"NIVEA desodorante invisible clear spray 200 ml","price":"2,99 €","pricePerUnit":"(14,95 €/l.)","imgUrl":"https://s2.dia.es/medias/hd4/hb7/8856515641374.png"},{"title":"NIVEA desodorante invisible for black & white active spray 200 ml","price":"3,35 €","pricePerUnit":"(16,75 €/l.)","imgUrl":"https://s3.dia.es/medias/hb6/hb9/9093764775966.jpg"},{"title":"NIVEA desodorante invisible fresh spray 200 ml","price":"2,89 €","pricePerUnit":"(14,45 €/l.)","imgUrl":"https://s1.dia.es/medias/h24/h0d/9086142021662.jpg"},{"title":"NIVEA desodorante men invisible power spray 200 ml","price":"2,99 €","pricePerUnit":"(14,95 €/l.)","imgUrl":"https://s2.dia.es/medias/h1e/h9b/8856435884062.png"},{"title":"NIVEA desodorante protege y cuida spray 200 ml","price":"2,75 €","pricePerUnit":"(13,75 €/l.)","imgUrl":"https://s3.dia.es/medias/h15/h4d/8896325877790.png"},{"title":"NIVEA men desodorante dry impact spray 200 ml","price":"2,75 €","pricePerUnit":"(13,75 €/l.)","imgUrl":"https://s0.dia.es/medias/h41/hc7/8856044994590.png"},{"title":"NIVEA Men desodorante protege y cuida spray 200 ml","price":"2,89 €","pricePerUnit":"(14,45 €/l.)","imgUrl":"https://s1.dia.es/medias/hd1/hba/8896428638238.png"},{"title":"NIVEA Men desodorante silver protect spray 200 ml","price":"3,05 €","pricePerUnit":"(15,25 €/l.)","imgUrl":"https://s1.dia.es/medias/hc4/h8b/9136148676638.jpg"},{"title":"PALMOLIVE NB desodorante tacto puro spray 200 ml","price":"2,99 €","pricePerUnit":"(14,95 €/l.)","imgUrl":"https://s0.dia.es/medias/h50/he7/9573904023582.jpg"},{"title":"PLAYBOY desodorante masculino generation spray 150 ml","price":"3,49 €","pricePerUnit":"(23,27 €/l.)","imgUrl":"https://s2.dia.es/medias/h42/h37/9219959128094.jpg"},{"title":"REXONA desodorante active protection+ fresh spray 200 ml","price":"3,29 €","pricePerUnit":"(16,45 €/l.)","imgUrl":"https://s2.dia.es/medias/h2e/hfe/9409777860638.jpg"},{"title":"REXONA desodorante active protection+ original spray 200 ml","price":"3,29 €","pricePerUnit":"(16,45 €/l.)","imgUrl":"https://s1.dia.es/medias/h5a/h85/9409987248158.jpg"},{"title":"REXONA desodorante aloe vera fresh spray 200 ml","price":"3,08 €","pricePerUnit":"(15,40 €/l.)","imgUrl":"https://s2.dia.es/medias/h58/h94/9613793591326.jpg"},{"title":"REXONA desodorante invisible active protection spray 200 ml","price":"3,29 €","pricePerUnit":"(16,45 €/l.)","imgUrl":"https://s0.dia.es/medias/hde/he6/9408848691230.jpg"},{"title":"REXONA desodorante invisible aqua spray 200 ml","price":"3,08 €","pricePerUnit":"(15,40 €/l.)","imgUrl":"https://s2.dia.es/medias/h9b/h9e/9613806370846.jpg"},{"title":"REXONA desodorante invisible spray 200 ml","price":"3,08 €","pricePerUnit":"(15,40 €/l.)","imgUrl":"https://s1.dia.es/medias/h31/h6a/9613823213598.jpg"},{"title":"REXONA desodorante men invisible spray 200 ml","price":"3,08 €","pricePerUnit":"(15,40 €/l.)","imgUrl":"https://s2.dia.es/medias/hbc/h98/9613840318494.jpg"},{"title":"REXONA desodorante tropical spray 200 ml","price":"3,08 €","pricePerUnit":"(15,40 €/l.)","imgUrl":"https://s3.dia.es/medias/hd8/hda/9613839663134.jpg"},{"title":"REXONA Men desodorante cobalt dry spray 200 ml","price":"3,08 €","pricePerUnit":"(15,40 €/l.)","imgUrl":"https://s2.dia.es/medias/h94/hff/9613785727006.jpg"},{"title":"REXONA Men desodorante invisible active protection spray 200 ml","price":"3,29 €","pricePerUnit":"(16,45 €/l.)","imgUrl":"https://s2.dia.es/medias/h79/hc5/9388699418654.jpg"},{"title":"Rexona Men desodorante invisible ice fresh spray 200 ml","price":"3,08 €","pricePerUnit":"(15,40 €/l.)","imgUrl":"https://s0.dia.es/medias/h62/h67/9613782450206.jpg"},{"title":"ROYALE AMBREE desodorante spray 250 ml","price":"3,49 €","pricePerUnit":"(13,96 €/l.)","imgUrl":"https://s3.dia.es/medias/h11/h4c/9086139072542.jpg"},{"title":"SANEX desodorante dermo 7 en 1 protection spray 200 ml","price":"2,99 €","pricePerUnit":"(14,95 €/l.)","imgUrl":"https://s0.dia.es/medias/h21/hc2/9512255848478.jpg"},{"title":"SANEX desodorante dermo extra control spray 200 ml","price":"2,69 €","pricePerUnit":"(13,45 €/l.)","imgUrl":"https://s1.dia.es/medias/h71/h16/9512306606110.jpg"},{"title":"SANEX desodorante natur protect antimanchas spray 200 ml","price":"2,90 €","pricePerUnit":"(14,50 €/l.)","imgUrl":"https://s1.dia.es/medias/h20/h79/9512305623070.jpg"},{"title":"SANEX desodorante natur protect pieles sensibles spray 200 ml","price":"2,99 €","pricePerUnit":"(14,95 €/l.)","imgUrl":"https://s2.dia.es/medias/h9d/h93/9667562340382.jpg"},{"title":"SANEX desodorante natur protect spray 200 ml","price":"2,99 €","pricePerUnit":"(14,95 €/l.)","imgUrl":"https://s1.dia.es/medias/h63/h47/9512247754782.jpg"},{"title":"SANEX desodorante sensitive spray 200 ml","price":"2,99 €","pricePerUnit":"(14,95 €/l.)","imgUrl":"https://s0.dia.es/medias/h3f/hed/9512247427102.jpg"},{"title":"SANEX Men desodorante 7 en 1 protect spray 200 ml","price":"2,99 €","pricePerUnit":"(14,95 €/l.)","imgUrl":"https://s0.dia.es/medias/he3/h23/9512323645470.jpg"},{"title":"SANEX Men desodorante active control spray 200 ml","price":"3,48 €","pricePerUnit":"(17,40 €/l.)","imgUrl":"https://s0.dia.es/medias/h78/hd9/9633136640030.jpg"},{"title":"SANEX Men desodorante dermo invisible spray 200 ml","price":"2,99 €","pricePerUnit":"(14,95 €/l.)","imgUrl":"https://s3.dia.es/medias/ha2/h84/9512199553054.jpg"},{"title":"SANEX Men desodorante dermo sensitive spray 200 ml","price":"2,99 €","pricePerUnit":"(14,95 €/l.)","imgUrl":"https://s1.dia.es/medias/h77/h86/9512322662430.jpg"},{"title":"SANEX Men desodorante zero % spray 200 ml","price":"2,99 €","pricePerUnit":"(14,95 €/l.)","imgUrl":"https://s1.dia.es/medias/h57/h67/9512271085598.jpg"},{"title":"TULIPAN NEGRO desodorante candy fantasy spray 200 ml","price":"2,79 €","pricePerUnit":"(13,95 €/l.)","imgUrl":"https://s3.dia.es/medias/h87/hb2/9136078815262.jpg"},{"title":"WILLIAMS desodorante invisible spray 200 ml","price":"3,49 €","pricePerUnit":"(17,45 €/l.)","imgUrl":"https://s2.dia.es/medias/h22/h1e/9023477252126.jpg"}]},"crema-y-barra":{"categoryUrl":"/compra-online/productos/perfumeria-e-higiene/desodorante/crema-y-barra/c/WEB.010.085.00565","products":[{"title":"BILY desodorante sensitive tubo 25 ml","price":"2,55 €","pricePerUnit":"(102,00 €/l.)","imgUrl":"https://s2.dia.es/medias/hb0/hd3/8834177957918.png"},{"title":"BONTE desodorante dermo care barra 50 ml","price":"1,44 €","pricePerUnit":"(28,80 €/l.)","imgUrl":"https://s2.dia.es/medias/h91/hc8/9100898402334.jpg"},{"title":"BONTE toallitas desodorantes dermo care envase 12 uds","price":"1,00 €","pricePerUnit":"(1,00 €/ud.)","imgUrl":"https://s1.dia.es/medias/h81/h57/9007422701598.jpg"},{"title":"BRUMMEL desodorante en barra 70 ml","price":"2,99 €","pricePerUnit":"(42,71 €/l.)","imgUrl":"https://s2.dia.es/medias/h43/h37/8856390795294.png"},{"title":"BYLY advance desodorante en crema extra fresh tubo 50 ml","price":"2,75 €","pricePerUnit":"(55,00 €/l.)","imgUrl":"https://s1.dia.es/medias/h96/h1f/9172159594526.jpg"},{"title":"BYLY Advanced desodorante en crema sensitive sin perfume tubo 50 ml","price":"2,75 €","pricePerUnit":"(55,00 €/l.)","imgUrl":"https://s0.dia.es/medias/he3/h76/9114721386526.jpg"},{"title":"CHEN YU desodorante en crema dermoprotector tubo 75 ml","price":"9,29 €","pricePerUnit":"(123,87 €/l.)","imgUrl":"https://s3.dia.es/medias/h1b/hb2/9145942966302.jpg"},{"title":"DOVE desodorante original en crema tubo 50 ml","price":"2,59 €","pricePerUnit":"(51,80 €/l.)","imgUrl":"https://s1.dia.es/medias/h1a/h62/9678021722142.jpg"},{"title":"DOVE desodorante original stick 40 ml","price":"3,35 €","pricePerUnit":"(83,75 €/l.)","imgUrl":"https://s2.dia.es/medias/hb5/h40/9678021394462.jpg"},{"title":"LACTOVIT desodorante original en barra 50 ml","price":"1,99 €","pricePerUnit":"(39,80 €/l.)","imgUrl":"https://s2.dia.es/medias/hd7/hc2/8920569315358.jpg"},{"title":"LEA desodorante piedra de alumbre barra 120 gr","price":"3,59 €","pricePerUnit":"(29,92 €/Kg.)","imgUrl":"https://s1.dia.es/medias/he8/he9/8962656895006.jpg"},{"title":"OLD SPICE desodorante original barra 50 ml","price":"2,85 €","pricePerUnit":"(57,00 €/l.)","imgUrl":"https://s3.dia.es/medias/hbb/ha3/9104403726366.jpg"},{"title":"REXONA crema desodorante maximum protection active shield caja 45 ml","price":"4,99 €","pricePerUnit":"(110,89 €/l.)","imgUrl":"https://s1.dia.es/medias/h7b/hca/9096180596766.jpg"},{"title":"REXONA crema desodorante maximum protection clean scent caja 45 ml","price":"4,99 €","pricePerUnit":"(110,89 €/l.)","imgUrl":"https://s2.dia.es/medias/h6d/h21/8904034091038.jpg"},{"title":"REXONA crema desodorante maximum protection confidence caja 45 ml","price":"4,99 €","pricePerUnit":"(110,89 €/l.)","imgUrl":"https://s3.dia.es/medias/h12/h8d/9096500969502.jpg"},{"title":"REXONA crema desodorante maximum protection stress control caja 45 ml","price":"4,99 €","pricePerUnit":"(110,89 €/l.)","imgUrl":"https://s2.dia.es/medias/hab/hc2/9111143055390.jpg"},{"title":"REXONA desodorante algodón barra 40 ml","price":"3,29 €","pricePerUnit":"(82,25 €/l.)","imgUrl":"https://s2.dia.es/medias/h34/h7e/9099365744670.jpg"},{"title":"SANEX Men desodorante dermo double protect barra 50 ml","price":"3,19 €","pricePerUnit":"(63,80 €/l.)","imgUrl":"https://s1.dia.es/medias/h09/h1d/9512303984670.jpg"},{"title":"TULIPAN NEGRO desodorante stick 75ml","price":"2,15 €","pricePerUnit":"(28,67 €/l.)","imgUrl":"https://s0.dia.es/medias/hdf/hea/8860142829598.png"},{"title":"TULIPAN NEGRO desodorante wasabi barra 75 ml","price":"1,99 €","pricePerUnit":"(26,53 €/l.)","imgUrl":"https://s0.dia.es/medias/hcc/h57/9136151298078.jpg"},{"title":"TULIPAN NEGRO Men desodorante sport barra 75 ml","price":"1,99 €","pricePerUnit":"(26,53 €/l.)","imgUrl":"https://s2.dia.es/medias/h8f/h74/9136145727518.jpg"},{"title":"WILLIAMS desodorante ice blue stick 75 ml","price":"2,29 €","pricePerUnit":"(30,53 €/l.)","imgUrl":"https://s0.dia.es/medias/h84/h44/8913541693470.jpg"},{"title":"WILLIAMS desodorante ice pure oxygen barra 75 ml","price":"2,29 €","pricePerUnit":"(30,53 €/l.)","imgUrl":"https://s2.dia.es/medias/h63/hc8/9096182562846.jpg"}]}},"gel-de-bano":{"name":"Geldebaño","productTypes":["gel-de-bano","sal-y-espuma-de-bano","esponja-y-accesorios"],"gel-de-bano":{"categoryUrl":"/compra-online/productos/perfumeria-e-higiene/gel-de-bano/gel-de-bano/c/WEB.010.087.00568","products":[{"title":"AXE gel de ducha black refrescante bote 400 ml","price":"2,99 €","pricePerUnit":"(7,48 €/l.)","imgUrl":"https://s2.dia.es/medias/hb6/ha2/9259384799262.jpg"},{"title":"AXE gel de ducha dark temptation revitalizante bote 400 ml","price":"2,99 €","pricePerUnit":"(7,48 €/l.)","imgUrl":"https://s3.dia.es/medias/h7a/h0c/9678755463198.jpg"},{"title":"BABARIA gel de ducha hidratante aloe bote 600 ml","price":"1,99 €","pricePerUnit":"(3,32 €/l.)","imgUrl":"https://s0.dia.es/medias/h90/h49/9258602004510.jpg"},{"title":"BONTE gel + champú 2 en 1 attraction bote 300 ml","price":"1,45 €","pricePerUnit":"(4,83 €/l.)","imgUrl":"https://s0.dia.es/medias/hc5/h79/8994559655966.jpg"},{"title":"BONTE gel + champú 2 en 1 dark power bote 300 ml","price":"1,42 €","pricePerUnit":"(4,73 €/l.)","imgUrl":"https://s2.dia.es/medias/h7c/hed/8994565226526.jpg"},{"title":"BONTE gel de baño dermo aceite piel seca botella 750 ml","price":"1,55 €","pricePerUnit":"(2,07 €/l.)","imgUrl":"https://s0.dia.es/medias/h38/he1/8874719346718.png"},{"title":"BONTE gel de baño flor de la pasión botella 300 ml","price":"1,00 €","pricePerUnit":"(3,33 €/l.)","imgUrl":"https://s3.dia.es/medias/h01/h30/8962659319838.jpg"},{"title":"BONTE gel de baño flor de thiare botellla 300 ml","price":"1,00 €","pricePerUnit":"(3,33 €/l.)","imgUrl":"https://s2.dia.es/medias/h12/h17/8962769747998.jpg"},{"title":"BONTE gel de baño leche de coco botella 300 ml","price":"1,00 €","pricePerUnit":"(3,33 €/l.)","imgUrl":"https://s3.dia.es/medias/hb6/h81/8962718892062.jpg"},{"title":"BONTE gel de baño para pieles atópicas botella 500 ml","price":"2,92 €","pricePerUnit":"(5,84 €/l.)","imgUrl":"https://s2.dia.es/medias/hdc/h61/8859504508958.png"},{"title":"BONTE gel de ducha aceite de argán nutritivo bote 750 ml","price":"1,78 €","pricePerUnit":"(2,37 €/l.)","imgUrl":"https://s2.dia.es/medias/hc2/h14/8945498161182.png"},{"title":"BONTE gel de ducha almendras y miel piel muy seca bote 750 ml","price":"1,35 €","pricePerUnit":"(1,80 €/l.)","imgUrl":"https://s3.dia.es/medias/hc5/hfc/8883843825694.png"},{"title":"BONTE gel de ducha aloe vera regenerante piel normal bote 750 ml","price":"1,35 €","pricePerUnit":"(1,80 €/l.)","imgUrl":"https://s0.dia.es/medias/h98/h7b/8945516576798.png"},{"title":"BONTE gel de ducha avena piel sensible bote 750 ml","price":"1,35 €","pricePerUnit":"(1,80 €/l.)","imgUrl":"https://s2.dia.es/medias/h4e/h38/8945561862174.png"},{"title":"BONTE gel de ducha burbujas piel normal bote 750 ml","price":"1,45 €","pricePerUnit":"(1,93 €/l.)","imgUrl":"https://s3.dia.es/medias/he9/h57/8894397022238.png"},{"title":"BONTE gel de ducha con aceite de jojoba y glicerina bote 300 ml","price":"1,59 €","pricePerUnit":"(5,30 €/l.)","imgUrl":"https://s3.dia.es/medias/h80/h9a/8961327759390.jpg"},{"title":"BONTE gel de ducha con urea 5 % para pieles muy secas bote 500 ml","price":"2,06 €","pricePerUnit":"(4,12 €/l.)","imgUrl":"https://s0.dia.es/medias/h25/h11/8860405202974.png"},{"title":"BONTE gel de ducha dermo protect piel normal bote 750 ml","price":"1,35 €","pricePerUnit":"(1,80 €/l.)","imgUrl":"https://s0.dia.es/medias/h13/h1d/8894435819550.png"},{"title":"BONTE gel de ducha dermo protect piel normal envase 1 lt","price":"1,35 €","pricePerUnit":"(1,35 €/l.)","imgUrl":"https://s0.dia.es/medias/hac/h10/8903152926750.png"},{"title":"BONTE gel de ducha exfoliante todo tipo de pieles tubo 200 ml","price":"2,35 €","pricePerUnit":"(11,75 €/l.)","imgUrl":"https://s3.dia.es/medias/h24/h36/8859515519006.png"},{"title":"BONTE gel de ducha familiar ph neutro bote 1 lt","price":"1,00 €","pricePerUnit":"(1,00 €/l.)","imgUrl":"https://s0.dia.es/medias/h93/hf9/8962615869470.jpg"},{"title":"BONTE gel de ducha flor de naranjo bote 300 ml","price":"1,00 €","pricePerUnit":"(3,33 €/l.)","imgUrl":"https://s0.dia.es/medias/h97/h13/8961341784094.jpg"},{"title":"BONTE gel de ducha fragancia clásica piel normal bote 750 ml","price":"1,35 €","pricePerUnit":"(1,80 €/l.)","imgUrl":"https://s3.dia.es/medias/h3a/h96/8894347771934.png"},{"title":"BONTE gel de ducha leche de vainilla bote 300 ml","price":"1,00 €","pricePerUnit":"(3,33 €/l.)","imgUrl":"https://s0.dia.es/medias/heb/h2b/8962784296990.jpg"},{"title":"BONTE gel de ducha melocotón y nectarina bote 300 ml","price":"1,00 €","pricePerUnit":"(3,33 €/l.)","imgUrl":"https://s3.dia.es/medias/ha0/h2d/8858513047582.png"},{"title":"BONTE gel de ducha ocean todo tipo de pieles bote 1 lt","price":"1,00 €","pricePerUnit":"(1,00 €/l.)","imgUrl":"https://s0.dia.es/medias/h6b/hce/8962643394590.jpg"},{"title":"BONTE gel de ducha oliva hidratante piel muy seca bote 750 ml","price":"1,35 €","pricePerUnit":"(1,80 €/l.)","imgUrl":"https://s0.dia.es/medias/hde/h1b/8945535713310.png"},{"title":"BONTE gel de ducha proteínas de la leche piel sensible bote 750 ml","price":"1,29 €","pricePerUnit":"(1,72 €/l.)","imgUrl":"https://s2.dia.es/medias/h10/h37/8945764040734.png"},{"title":"BONTE gel de ducha relajante zen piel normal bote 750 ml","price":"1,55 €","pricePerUnit":"(2,07 €/l.)","imgUrl":"https://s2.dia.es/medias/h7d/h4a/8897364426782.png"},{"title":"BONTE gel de ducha spa purificante piel normal bote 750 ml","price":"1,35 €","pricePerUnit":"(1,80 €/l.)","imgUrl":"https://s0.dia.es/medias/hab/hea/8903134511134.png"},{"title":"BONTE gel de ducha thermal care piel normal bote 750 ml","price":"1,35 €","pricePerUnit":"(1,80 €/l.)","imgUrl":"https://s0.dia.es/medias/he7/h26/8945545216030.png"},{"title":"BONTE gel de ducha todo tipo de pieles formato viaje bote 100 ml","price":"1,00 €","pricePerUnit":"(10,00 €/l.)","imgUrl":"https://s1.dia.es/medias/h87/hf3/8859524956190.png"},{"title":"BONTE gel de ducha y champú dark power formato viaje bote 100 ml","price":"1,00 €","pricePerUnit":"(10,00 €/l.)","imgUrl":"https://s3.dia.es/medias/h72/h56/9135293530142.jpg"},{"title":"DERMATINA gel de aloe vera 100% puro tubo 100 ml","price":"8,15 €","pricePerUnit":"(81,50 €/l.)","imgUrl":"https://s1.dia.es/medias/h75/h50/9409678475294.jpg"},{"title":"DIA gel de baño proteínas de la leche piel sensible bote 1.5 lt","price":"1,99 €","pricePerUnit":"(1,33 €/l.)","imgUrl":"https://s3.dia.es/medias/hb2/h70/8894455218206.png"},{"title":"DON ALGODON gel crema de ducha bote 750 ml","price":"4,29 €","pricePerUnit":"(5,72 €/l.)","imgUrl":"https://s3.dia.es/medias/h37/hdf/8853754314782.png"},{"title":"DOVE gel de baño hidratación profunda 600 ml","price":"3,49 €","pricePerUnit":"(5,82 €/l.)","imgUrl":"https://s2.dia.es/medias/ha1/h4d/9192698052638.jpg"},{"title":"DOVE gel de ducha agua micelar piel sensible bote 500 ml","price":"3,49 €","pricePerUnit":"(6,98 €/l.)","imgUrl":"https://s3.dia.es/medias/h1e/he7/9507219079198.jpg"},{"title":"DOVE gel de ducha coco y almendras bote 500 ml","price":"3,49 €","pricePerUnit":"(6,98 €/l.)","imgUrl":"https://s0.dia.es/medias/h44/h78/9673804709918.jpg"},{"title":"DOVE gel de ducha cuidado y protección bote 600 ml","price":"3,49 €","pricePerUnit":"(5,82 €/l.)","imgUrl":"https://s0.dia.es/medias/h5b/hc0/9192698707998.jpg"},{"title":"DOVE gel de ducha cuidado óleo nutritivo bote 500 ml","price":"3,49 €","pricePerUnit":"(6,98 €/l.)","imgUrl":"https://s3.dia.es/medias/heb/h4d/9192692154398.jpg"},{"title":"DOVE gel de ducha en crema nutrición intensa formato viaje bote 55 ml","price":"1,00 €","pricePerUnit":"(18,18 €/l.)","imgUrl":"https://s0.dia.es/medias/h3e/hca/9677963198494.jpg"},{"title":"DOVE gel de ducha go fresh bote 500 ml","price":"3,49 €","pricePerUnit":"(6,98 €/l.)","imgUrl":"https://s2.dia.es/medias/h6d/h05/9155567878174.jpg"},{"title":"DOVE gel de ducha vainilla y kárite bote 500 ml","price":"3,49 €","pricePerUnit":"(6,98 €/l.)","imgUrl":"https://s2.dia.es/medias/h51/h0c/9155560669214.jpg"},{"title":"DOVE MEN neceser de cuidado masculino","price":"6,79 €","pricePerUnit":"(6,79 €/ud.)","imgUrl":"https://s1.dia.es/medias/hf5/h83/9148355215390.jpg"},{"title":"EROSIL gel de ducha cremoso nutritivo bote 500 ml","price":"10,95 €","pricePerUnit":"(21,90 €/l.)","imgUrl":"https://s1.dia.es/medias/h59/h79/9029284266014.jpg"},{"title":"HENO DE PRAVIA gel de ducha glicerina y té blanco bote 650 ml","price":"2,79 €","pricePerUnit":"(3,72 €/l.)","imgUrl":"https://s2.dia.es/medias/h20/h99/9504435961886.jpg"},{"title":"HENO DE PRAVIA gel de ducha original hidratante bote 650 ml","price":"2,79 €","pricePerUnit":"(4,29 €/l.)","imgUrl":"https://s0.dia.es/medias/h68/hf1/8963378184222.jpg"},{"title":"HIDROGENESSE gel de ducha relajante bote 800 ml","price":"2,35 €","pricePerUnit":"(2,94 €/l.)","imgUrl":"https://s1.dia.es/medias/h47/he5/9507700506654.jpg"},{"title":"INSTITUTO ESPAÑOL gel de ducha aloe vera bote 1250 ml","price":"2,25 €","pricePerUnit":"(1,80 €/l.)","imgUrl":"https://s3.dia.es/medias/hda/hb3/9290377592862.jpg"},{"title":"INSTITUTO ESPAÑOL gel de ducha avena bote 1.25 lt","price":"2,25 €","pricePerUnit":"(1,80 €/l.)","imgUrl":"https://s2.dia.es/medias/h1c/h03/9290374971422.jpg"},{"title":"INSTITUTO ESPAÑOL gel de ducha piel sana botella 1250 ml","price":"2,59 €","pricePerUnit":"(2,07 €/l.)","imgUrl":"https://s1.dia.es/medias/h6f/h1e/9129169027102.jpg"},{"title":"INSTITUTO ESPAÑOL gel de ducha pieles atópicas bote 500 ml","price":"4,45 €","pricePerUnit":"(8,90 €/l.)","imgUrl":"https://s3.dia.es/medias/h90/hb9/8904747483166.jpg"},{"title":"INSTITUTO ESPAÑOL gel de ducha urea bote 1250 ml","price":"2,59 €","pricePerUnit":"(2,07 €/l.)","imgUrl":"https://s1.dia.es/medias/hc8/h4f/9129217720350.jpg"},{"title":"JOHNSON?S gel de ducha refrescante sandía y rosa bote 750 ml","price":"1,99 €","pricePerUnit":"(2,65 €/l.)","imgUrl":"https://s3.dia.es/medias/he2/hf9/9361192845342.jpg"},{"title":"JOHNSON´S Vitarich gel de ducha efecto seda papaya bote 750 ml","price":"2,99 €","pricePerUnit":"(3,99 €/l.)","imgUrl":"https://s3.dia.es/medias/h4f/hb7/8959492456478.png"},{"title":"JOHNSON´S Vitarich gel de ducha iluminador granada bote 750 ml","price":"2,99 €","pricePerUnit":"(3,99 €/l.)","imgUrl":"https://s1.dia.es/medias/h3f/h00/8959665635358.png"},{"title":"KINESIA gel de ducha avenatopic piel sensible y atópica bote 600 ml","price":"2,85 €","pricePerUnit":"(4,75 €/l.)","imgUrl":"https://s3.dia.es/medias/h14/h42/9568461946910.jpg"},{"title":"KINESIA gel de ducha con serum de avena bote 650 ml","price":"2,25 €","pricePerUnit":"(3,46 €/l.)","imgUrl":"https://s0.dia.es/medias/h86/h76/9568132235294.jpg"},{"title":"LA TOJA gel de ducha aloe vera bote 550 ml","price":"2,29 €","pricePerUnit":"(4,16 €/l.)","imgUrl":"https://s2.dia.es/medias/h5f/h6d/9397018263582.jpg"},{"title":"LA TOJA gel de ducha hidrotermal con sales minerales bote 550 ml","price":"2,29 €","pricePerUnit":"(4,16 €/l.)","imgUrl":"https://s1.dia.es/medias/h01/h4d/9432384077854.jpg"},{"title":"LACTOVIT gel de ducha activit protector activo con l casei f bote 600 ml","price":"2,49 €","pricePerUnit":"(4,15 €/l.)","imgUrl":"https://s0.dia.es/medias/hb3/h76/9568136495134.jpg"},{"title":"LACTOVIT gel de ducha nutritivo bote 600 ml","price":"2,45 €","pricePerUnit":"(4,08 €/l.)","imgUrl":"https://s2.dia.es/medias/hba/h7d/9568068239390.jpg"},{"title":"LACTOVIT gel de ducha reparador lactourea 10 % bote 600 ml","price":"2,45 €","pricePerUnit":"(4,08 €/l.)","imgUrl":"https://s3.dia.es/medias/h84/h81/9568074629150.jpg"},{"title":"LIDA jabón 100 % glicerina natural bote 600 ml","price":"3,99 €","pricePerUnit":"(6,65 €/l.)","imgUrl":"https://s2.dia.es/medias/h26/h32/9568186761246.jpg"},{"title":"LIDA jabón 100 % natural de aloe vera con glicerina bote 600 ml","price":"3,99 €","pricePerUnit":"(6,65 €/l.)","imgUrl":"https://s2.dia.es/medias/hf4/hc3/9568150585374.jpg"},{"title":"MAGNO gel de ducha classic bote 550 ml","price":"2,95 €","pricePerUnit":"(5,36 €/l.)","imgUrl":"https://s3.dia.es/medias/hd2/h8a/8858382893086.jpg"},{"title":"MAGNO gel de ducha gold bote 550 ml","price":"2,95 €","pricePerUnit":"(5,36 €/l.)","imgUrl":"https://s0.dia.es/medias/h41/h79/8961338703902.jpg"},{"title":"MAGNO gel de ducha marine bote 550 ml","price":"2,95 €","pricePerUnit":"(5,36 €/l.)","imgUrl":"https://s3.dia.es/medias/h6a/h5f/9536034078750.jpg"},{"title":"MOUSSEL gel de baño clásico envase 600 ml","price":"2,99 €","pricePerUnit":"(4,98 €/l.)","imgUrl":"https://s0.dia.es/medias/hd1/h1d/8962608070686.jpg"},{"title":"NATURAL HONEY gel de baño hidratante con aceite almendras  botella 750 ml","price":"1,99 €","pricePerUnit":"(2,65 €/l.)","imgUrl":"https://s0.dia.es/medias/hc6/h78/9633763131422.jpg"},{"title":"NATURAL HONEY gel de ducha avena bote 750 ml","price":"1,99 €","pricePerUnit":"(2,65 €/l.)","imgUrl":"https://s0.dia.es/medias/h7e/he4/9633771978782.jpg"},{"title":"NATURAL HONEY gel de ducha coco addition bote 650 ml","price":"1,99 €","pricePerUnit":"(3,06 €/l.)","imgUrl":"https://s2.dia.es/medias/hb1/hd2/9633775255582.jpg"},{"title":"NATURAL HONEY gel de ducha coco bote 1.5 lt","price":"3,19 €","pricePerUnit":"(2,13 €/l.)","imgUrl":"https://s3.dia.es/medias/h88/hea/9633765752862.jpg"},{"title":"NATURAL HONEY gel de ducha coco formato viaje bote 75 ml","price":"1,00 €","pricePerUnit":"(13,33 €/l.)","imgUrl":"https://s0.dia.es/medias/h67/hdf/9633770340382.jpg"},{"title":"NATURAL HONEY gel de ducha elixir de argán addition bote 650 ml","price":"1,99 €","pricePerUnit":"(3,06 €/l.)","imgUrl":"https://s1.dia.es/medias/h32/h11/9633754611742.jpg"},{"title":"NATURAL HONEY gel de ducha frescor de colonia bote 1.5 lt","price":"3,19 €","pricePerUnit":"(2,13 €/l.)","imgUrl":"https://s0.dia.es/medias/h07/hef/9633766408222.jpg"},{"title":"NATURAL HONEY gel de ducha hidratante bote 1.5 lt","price":"3,19 €","pricePerUnit":"(2,13 €/l.)","imgUrl":"https://s0.dia.es/medias/h11/h54/9633759854622.jpg"},{"title":"NATURAL HONEY gel de ducha miel extra nutritivo bote 750 ml","price":"1,99 €","pricePerUnit":"(2,65 €/l.)","imgUrl":"https://s0.dia.es/medias/he6/h86/9633766080542.jpg"},{"title":"NATURAL HONEY gel de ducha té verde addition bote 650 ml","price":"1,99 €","pricePerUnit":"(3,06 €/l.)","imgUrl":"https://s1.dia.es/medias/h7a/hee/9633757560862.jpg"},{"title":"NIVEA gel de ducha creme care bote 750 ml","price":"2,99 €","pricePerUnit":"(3,99 €/l.)","imgUrl":"https://s2.dia.es/medias/h70/h2a/8894440996894.png"},{"title":"NIVEA gel de ducha creme smooth bote 750 ml","price":"3,10 €","pricePerUnit":"(4,13 €/l.)","imgUrl":"https://s0.dia.es/medias/hcc/h7f/8895427411998.png"},{"title":"NIVEA gel de ducha creme soft bote 750 ml","price":"3,10 €","pricePerUnit":"(4,13 €/l.)","imgUrl":"https://s2.dia.es/medias/hcc/hd8/8855968448542.png"},{"title":"NIVEA gel de ducha natural oil bote 200 ml","price":"3,60 €","pricePerUnit":"(18,00 €/l.)","imgUrl":"https://s3.dia.es/medias/h58/hd0/8856992972830.png"},{"title":"NIVEA Men gel de ducha energy bote 500 ml","price":"3,39 €","pricePerUnit":"(6,78 €/l.)","imgUrl":"https://s2.dia.es/medias/h84/had/8857040420894.png"},{"title":"PALMOLIVE gel aroma relax absoluto bote 500 ml","price":"2,30 €","pricePerUnit":"(4,60 €/l.)","imgUrl":"https://s3.dia.es/medias/hb1/h84/9512318730270.jpg"},{"title":"PALMOLIVE gel de ducha cremosa fresa bote 500 ml","price":"3,29 €","pricePerUnit":"(6,58 €/l.)","imgUrl":"https://s0.dia.es/medias/h05/h35/9670948225054.jpg"},{"title":"PALMOLIVE gel de ducha cremoso chocolate bote 500 ml","price":"3,29 €","pricePerUnit":"(6,58 €/l.)","imgUrl":"https://s3.dia.es/medias/hb8/h2b/9512188084254.jpg"},{"title":"PALMOLIVE gel de ducha exfoliante spa bote 500 ml","price":"2,30 €","pricePerUnit":"(4,60 €/l.)","imgUrl":"https://s0.dia.es/medias/he6/he3/9166654930974.jpg"},{"title":"PALMOLIVE NB gel de ducha en crema hidratante bote 1 lt","price":"3,19 €","pricePerUnit":"(3,19 €/l.)","imgUrl":"https://s0.dia.es/medias/hd9/h04/9523043893278.jpg"},{"title":"PALMOLIVE NB gel de ducha en crema leche y miel hidratante bote 1 lt","price":"3,19 €","pricePerUnit":"(3,19 €/l.)","imgUrl":"https://s1.dia.es/medias/hc4/h75/9512185462814.jpg"},{"title":"PALMOLIVE NB gel de ducha en crema nutritivo con leche y miel bote 250 ml","price":"1,89 €","pricePerUnit":"(7,56 €/l.)","imgUrl":"https://s3.dia.es/medias/ha8/h86/9512276164638.jpg"},{"title":"PALMOLIVE NB gel de ducha en crema ultrahidrante con oliva bote 600 ml","price":"2,65 €","pricePerUnit":"(4,42 €/l.)","imgUrl":"https://s1.dia.es/medias/h08/h61/9512244641822.jpg"},{"title":"PHARMALINE gel de ducha antiedad Q10 bote 750 ml","price":"5,25 €","pricePerUnit":"(7,00 €/l.)","imgUrl":"https://s0.dia.es/medias/hf2/hc7/9037707804702.jpg"},{"title":"SANEX Advanced aceite de ducha atopiderm bote 475 ml","price":"3,15 €","pricePerUnit":"(6,63 €/l.)","imgUrl":"https://s3.dia.es/medias/hf5/h88/9512203812894.jpg"},{"title":"SANEX gel de ducha dermo pro hydrate bote 600 ml","price":"3,15 €","pricePerUnit":"(5,25 €/l.)","imgUrl":"https://s2.dia.es/medias/h04/haa/9622843555870.jpg"},{"title":"SANEX gel de ducha dermo pro hydrate bote 900 ml","price":"3,65 €","pricePerUnit":"(4,06 €/l.)","imgUrl":"https://s1.dia.es/medias/h92/h86/9512324628510.jpg"},{"title":"SANEX gel de ducha dermo protector piel normal bote 250 ml","price":"1,95 €","pricePerUnit":"(7,80 €/l.)","imgUrl":"https://s3.dia.es/medias/hd4/hde/9512214626334.jpg"},{"title":"SANEX gel de ducha dermo protector piel normal formato viaje bote 50 ml","price":"1,00 €","pricePerUnit":"(20,00 €/l.)","imgUrl":"https://s3.dia.es/medias/h35/hea/9512294252574.jpg"},{"title":"SANEX gel de ducha dermo sensitive piel sensible bote 600 ml","price":"3,15 €","pricePerUnit":"(5,25 €/l.)","imgUrl":"https://s1.dia.es/medias/h83/h93/9512254865438.jpg"}]},"sal-y-espuma-de-bano":{"categoryUrl":"/compra-online/productos/perfumeria-e-higiene/gel-de-bano/sal-y-espuma-de-bano/c/WEB.010.087.00569","products":[{"title":"BONTE bombas de sal efervesentes relajante lavanda envase 6 uds","price":"1,99 €","pricePerUnit":"(22,11 €/Kg.)","imgUrl":"https://s0.dia.es/medias/h14/he7/8859486158878.png"}]},"esponja-y-accesorios":{"categoryUrl":"/compra-online/productos/perfumeria-e-higiene/gel-de-bano/esponja-y-accesorios/c/WEB.010.087.00567","products":[{"title":"ACTIBEL esponja de baño spa suave bolsa 1 ud","price":"2,29 €","pricePerUnit":"(2,29 €/ud.)","imgUrl":"https://s0.dia.es/medias/h99/h2a/8963289710622.jpg"},{"title":"BABYSMILE esponja natural bebe bolsa 1 unidad","price":"2,86 €","pricePerUnit":"(2,86 €/ud.)","imgUrl":"https://s3.dia.es/medias/h33/h30/8958723162142.png"},{"title":"BONTE esponja de baño doble accion  bolsa 1 ud","price":"0,52 €","pricePerUnit":"(0,52 €/ud.)","imgUrl":"https://s2.dia.es/medias/h2a/h3b/9125435703326.jpg"},{"title":"BONTE esponja de baño pack 3 unidades","price":"1,38 €","pricePerUnit":"(0,46 €/ud.)","imgUrl":"https://s1.dia.es/medias/h3f/h85/8856575934494.png"},{"title":"BONTE esponja tipo flor exfoliante suave bolsa 1 ud","price":"0,81 €","pricePerUnit":"(0,81 €/ud.)","imgUrl":"https://s1.dia.es/medias/h7c/hca/8959661768734.png"},{"title":"BONTE esponjas jabonosas desechables bolsa 10 uds","price":"1,09 €","pricePerUnit":"(0,11 €/ud.)","imgUrl":"https://s3.dia.es/medias/h84/haa/9198685618206.jpg"},{"title":"BONTE guante exfoliante bolsa 1 ud","price":"2,15 €","pricePerUnit":"(2,15 €/ud.)","imgUrl":"https://s2.dia.es/medias/h7c/haf/8856474681374.png"},{"title":"CALYPSO relax esponja vegetal envase 1 ud","price":"1,69 €","pricePerUnit":"(1,69 €/ud.)","imgUrl":"https://s3.dia.es/medias/hde/h5a/9259383816222.jpg"},{"title":"DARLI esponja de baño felpa bolsa 2 uds","price":"1,29 €","pricePerUnit":"(0,65 €/ud.)","imgUrl":"https://s1.dia.es/medias/h7f/h25/8857104384030.png"},{"title":"DARLI esponja de baño natural 1 ud","price":"1,69 €","pricePerUnit":"(1,69 €/ud.)","imgUrl":"https://s2.dia.es/medias/h57/h6f/8857931022366.png"}]}},"higiene-bucal":{"name":"Higienebucal","productTypes":["cepillos-de-dientes","dentifricos","enjuagues-y-antisepticos","seda-dental","productos-protesicos"],"cepillos-de-dientes":{"categoryUrl":"/compra-online/productos/perfumeria-e-higiene/higiene-bucal/cepillos-de-dientes/c/WEB.010.088.00570","products":[{"title":"BABYSMILE cepillo dental infantil 3-6 años blister 1 unidad","price":"0,99 €","pricePerUnit":"(0,99 €/ud.)","imgUrl":"https://s2.dia.es/medias/hb2/h92/8855806967838.png"},{"title":"BINACA cepillo dental infantil suave y flexible blíster 1 ud","price":"3,25 €","pricePerUnit":"(3,25 €/ud.)","imgUrl":"https://s2.dia.es/medias/h22/had/8855940661278.png"},{"title":"BINACA cepillo dental interdental medio blister 2 unidades","price":"2,82 €","pricePerUnit":"(1,41 €/ud.)","imgUrl":"https://s2.dia.es/medias/h3e/h7f/8855111598110.png"},{"title":"BINACA Junior cepillo dental blíster 1 ud","price":"1,99 €","pricePerUnit":"(1,99 €/ud.)","imgUrl":"https://s1.dia.es/medias/hfd/h91/9129232203806.jpg"},{"title":"BONTE cepillo dental blanqueador blister 2 unidades","price":"1,90 €","pricePerUnit":"(0,95 €/ud.)","imgUrl":"https://s3.dia.es/medias/h18/hf0/9052664528926.jpg"},{"title":"BONTE cepillo dental de viaje medio 1 ud","price":"1,02 €","pricePerUnit":"(1,02 €/ud.)","imgUrl":"https://s1.dia.es/medias/hc8/h5d/9126990020638.jpg"},{"title":"BONTE cepillo dental especial para prótesis envase 1 ud","price":"1,99 €","pricePerUnit":"(1,99 €/ud.)","imgUrl":"https://s3.dia.es/medias/h4a/hda/8995746021406.jpg"},{"title":"BONTE cepillo dental extrasuave blíster 1 ud","price":"1,75 €","pricePerUnit":"(1,75 €/ud.)","imgUrl":"https://s3.dia.es/medias/h96/h20/8995748315166.jpg"},{"title":"BONTE cepillo dental suave efecto blanqueante pack 2 uds","price":"1,93 €","pricePerUnit":"(0,97 €/ud.)","imgUrl":"https://s2.dia.es/medias/h7d/hf4/9052453994526.jpg"},{"title":"BONTE cepillo dental technic medio blíster 4 uds","price":"1,25 €","pricePerUnit":"(0,31 €/ud.)","imgUrl":"https://s2.dia.es/medias/h2e/hd7/9074766315550.jpg"},{"title":"BONTE cepillo dental technic suave blíster 4 uds","price":"1,25 €","pricePerUnit":"(0,31 €/ud.)","imgUrl":"https://s3.dia.es/medias/hbc/hca/9074716573726.jpg"},{"title":"BONTE cepillo dental x-action medio blister 2 unidades","price":"2,15 €","pricePerUnit":"(1,08 €/ud.)","imgUrl":"https://s3.dia.es/medias/hbc/hb1/8977108631582.jpg"},{"title":"BONTE cepillo dental x-action suave blister 2 unidades","price":"2,15 €","pricePerUnit":"(1,08 €/ud.)","imgUrl":"https://s3.dia.es/medias/hbe/h05/8976987389982.jpg"},{"title":"COLGATE  cepillo dental 360º medio blister 1 unidad","price":"3,35 €","pricePerUnit":"(3,35 €/ud.)","imgUrl":"https://s1.dia.es/medias/h17/h54/9512237137950.jpg"},{"title":"COLGATE  cepillo dental 360º suave blister 1 unidad","price":"3,35 €","pricePerUnit":"(3,35 €/ud.)","imgUrl":"https://s1.dia.es/medias/h57/hc2/9512222162974.jpg"},{"title":"COLGATE cabezal de recambio whole mouth clean 360º blíster 2 uds","price":"6,45 €","pricePerUnit":"(3,23 €/ud.)","imgUrl":"https://s3.dia.es/medias/h12/h0b/9512231403550.jpg"},{"title":"COLGATE cepillo dental 360 º advanced medio blíster 1 ud","price":"3,99 €","pricePerUnit":"(3,99 €/ud.)","imgUrl":"https://s1.dia.es/medias/ha5/h45/9512304967710.jpg"},{"title":"COLGATE cepillo dental 360 º max white medio blíster 1 ud","price":"3,69 €","pricePerUnit":"(3,69 €/ud.)","imgUrl":"https://s2.dia.es/medias/h78/h31/9512312995870.jpg"},{"title":"COLGATE cepillo dental 360º black medio blíster 2 uds","price":"3,35 €","pricePerUnit":"(1,68 €/ud.)","imgUrl":"https://s1.dia.es/medias/h78/h73/9512323317790.jpg"},{"title":"COLGATE cepillo dental eléctrico 360 º surround medio blíster 1 ud","price":"5,29 €","pricePerUnit":"(5,29 €/ud.)","imgUrl":"https://s3.dia.es/medias/h9d/h7d/9512265023518.jpg"},{"title":"COLGATE cepillo dental eléctrico minions para niños blíster 1 ud (diferentes modelos)","price":"6,99 €","pricePerUnit":"(6,99 €/ud.)","imgUrl":"https://s0.dia.es/medias/hbc/hf1/9512233205790.jpg"},{"title":"COLGATE cepillo dental eléctrico whole mouth clean 360º blíster 1 uds","price":"10,25 €","pricePerUnit":"(10,25 €/ud.)","imgUrl":"https://s3.dia.es/medias/hcb/hd9/9512337408030.jpg"},{"title":"COLGATE cepillo dental extracleam blister 4 unidades","price":"2,29 €","pricePerUnit":"(0,57 €/ud.)","imgUrl":"https://s3.dia.es/medias/hf5/h9b/9512219869214.jpg"},{"title":"COLGATE cepillo dental max white blíster 2 uds","price":"2,81 €","pricePerUnit":"(2,81 €/ud.)","imgUrl":"https://s3.dia.es/medias/h5a/h60/9512229437470.jpg"},{"title":"COLGATE cepillo dental slim soft blister 1 unidad","price":"2,89 €","pricePerUnit":"(2,89 €/ud.)","imgUrl":"https://s3.dia.es/medias/ha1/h81/9512193982494.jpg"},{"title":"COLGATE cepillo dental zig zag medio blister 1 + 2 gratis","price":"2,69 €","pricePerUnit":"(0,90 €/ud.)","imgUrl":"https://s1.dia.es/medias/h08/hd8/9512266006558.jpg"},{"title":"COLGATE cepillo dental zig zag suave blister 3 unidades","price":"2,89 €","pricePerUnit":"(0,96 €/ud.)","imgUrl":"https://s1.dia.es/medias/he2/h2d/9512260763678.jpg"},{"title":"COLGATE Total pasta dentífrica blanqueador tubo 75 ml","price":"2,49 €","pricePerUnit":"(33,20 €/l.)","imgUrl":"https://s0.dia.es/medias/hef/h30/9572040343582.jpg"},{"title":"ORAL B cabezal de recambio para cepillo cross action envase 2 uds","price":"13,99 €","pricePerUnit":"(7,00 €/ud.)","imgUrl":"https://s3.dia.es/medias/h1d/h2a/8848172187678.png"},{"title":"ORAL B cabezal de recambio para cepillo eléctrico 3D white blíster 2 uds","price":"11,99 €","pricePerUnit":"(6,00 €/ud.)","imgUrl":"https://s1.dia.es/medias/h96/h67/8946490048542.png"},{"title":"ORAL B cabezal de recambio para cepillo eléctrico trizone blíster 2 uds","price":"12,50 €","pricePerUnit":"(6,25 €/ud.)","imgUrl":"https://s1.dia.es/medias/hca/h0a/9197643563038.jpg"},{"title":"ORAL B cabezal de recambio stages power blíster 2 uds (diferentes modelos)","price":"11,35 €","pricePerUnit":"(5,68 €/ud.)","imgUrl":"https://s1.dia.es/medias/hbf/h9a/9365700706334.jpg"},{"title":"ORAL B cepillo dental complete clean 5 ways blíster 2 uds","price":"2,99 €","pricePerUnit":"(1,50 €/ud.)","imgUrl":"https://s0.dia.es/medias/hc0/hc5/8964240015390.jpg"},{"title":"ORAL B cepillo dental eléctrico pro 600 3D cross action blíster 1 ud","price":"41,59 €","pricePerUnit":"(41,59 €/ud.)","imgUrl":"https://s1.dia.es/medias/h2b/hef/8946546999326.png"},{"title":"ORAL B cepillo dental eléctrico stages power blíster 1 ud (diferentes modelos)","price":"25,45 €","pricePerUnit":"(25,45 €/ud.)","imgUrl":"https://s2.dia.es/medias/h5a/h06/8958681677854.png"},{"title":"ORAL B cepillo dental eléctrico trizone blíster 1 ud","price":"25,95 €","pricePerUnit":"(25,95 €/ud.)","imgUrl":"https://s1.dia.es/medias/h3c/h8c/9519694774302.jpg"},{"title":"ORAL B cepillo dental eléctrico vitality cross action 2D blister 1 ud","price":"27,95 €","pricePerUnit":"(27,95 €/ud.)","imgUrl":"https://s1.dia.es/medias/he5/h66/8848158031902.png"},{"title":"ORAL B cepillo dental pro-expert flex blíster 1 ud","price":"3,99 €","pricePerUnit":"(3,99 €/ud.)","imgUrl":"https://s1.dia.es/medias/h74/h73/8963447816222.jpg"},{"title":"SENSODYNE cepillo dental refrescante suave blíster 1 ud","price":"3,19 €","pricePerUnit":"(3,19 €/ud.)","imgUrl":"https://s3.dia.es/medias/he1/hef/9129172369438.jpg"},{"title":"SIGNAL cepillo dental essential blister 2 unidades","price":"1,99 €","pricePerUnit":"(1,00 €/ud.)","imgUrl":"https://s3.dia.es/medias/ha6/h21/8964239294494.jpg"},{"title":"SIGNAL cepillo dental infantil blíster 1 ud","price":"3,39 €","pricePerUnit":"(3,39 €/ud.)","imgUrl":"https://s2.dia.es/medias/h4e/h97/9580658458654.jpg"},{"title":"SIGNAL cepillo dental professional medio blíster 1 ud","price":"2,49 €","pricePerUnit":"(2,49 €/ud.)","imgUrl":"https://s2.dia.es/medias/h17/hcc/8963283484702.jpg"},{"title":"SIGNAL cepillo dental vertical expert blíster 1 ud","price":"2,99 €","pricePerUnit":"(2,99 €/ud.)","imgUrl":"https://s3.dia.es/medias/h26/h0e/9580647972894.jpg"},{"title":"SIGNAL cepillo dental white system medio blíster 1 ud","price":"3,99 €","pricePerUnit":"(3,99 €/ud.)","imgUrl":"https://s3.dia.es/medias/h1c/h79/9580638011422.jpg"}]},"dentifricos":{"categoryUrl":"/compra-online/productos/perfumeria-e-higiene/higiene-bucal/dentifricos/c/WEB.010.088.00571","products":[{"title":"BABYSMILE pasta dentífrica infantil tubo 75 ml","price":"1,14 €","pricePerUnit":"(15,20 €/l.)","imgUrl":"https://s1.dia.es/medias/h04/h0b/8858400194590.png"},{"title":"BINACA pasta dentifrica antiplaca tubo 75ml","price":"1,74 €","pricePerUnit":"(23,20 €/l.)","imgUrl":"https://s2.dia.es/medias/hd5/h02/8855054712862.png"},{"title":"BINACA pasta dentífrica aliento fresco tubo 100 ml","price":"1,59 €","pricePerUnit":"(15,90 €/l.)","imgUrl":"https://s2.dia.es/medias/hce/h72/8856300945438.png"},{"title":"BINACA pasta dentífrica night repair blanqueante tubo 75 ml","price":"2,39 €","pricePerUnit":"(31,87 €/l.)","imgUrl":"https://s3.dia.es/medias/hba/hda/9081955287070.jpg"},{"title":"BINACA pasta dentífrica night repair tubo 75 ml","price":"2,39 €","pricePerUnit":"(31,87 €/l.)","imgUrl":"https://s0.dia.es/medias/h39/h32/9081966428190.jpg"},{"title":"BONTE dentífrico 2 en 1 efecto blanqueador bote 100 ml","price":"0,89 €","pricePerUnit":"(8,90 €/l.)","imgUrl":"https://s0.dia.es/medias/h9c/h60/9125416960030.jpg"},{"title":"BONTE dentífrico 2 en 1 herbal ayuda a prevenir la caries bote 100 ml","price":"0,89 €","pricePerUnit":"(8,90 €/l.)","imgUrl":"https://s1.dia.es/medias/h87/h18/9007439806494.jpg"},{"title":"BONTE dentífrico suave sabor menta para niños tubo 100 ml","price":"1,35 €","pricePerUnit":"(13,50 €/l.)","imgUrl":"https://s2.dia.es/medias/hc8/hc0/8854916694046.png"},{"title":"BONTE pasta dentífrica blanqueadora tubo 100 ml","price":"0,95 €","pricePerUnit":"(9,50 €/l.)","imgUrl":"https://s1.dia.es/medias/h49/h5d/9007410774046.jpg"},{"title":"BONTE pasta dentífrica encías y dientes sensibles tubo 100 ml","price":"1,05 €","pricePerUnit":"(10,50 €/l.)","imgUrl":"https://s3.dia.es/medias/h65/h15/9025630076958.jpg"},{"title":"BONTE pasta dentífrica extra fresh tubo 100 ml","price":"0,90 €","pricePerUnit":"(9,00 €/l.)","imgUrl":"https://s2.dia.es/medias/h98/h7d/9052489613342.jpg"},{"title":"BONTE pasta dentífrica flúor tubo 100 ml","price":"0,79 €","pricePerUnit":"(7,90 €/l.)","imgUrl":"https://s2.dia.es/medias/h54/h6c/9025514045470.jpg"},{"title":"BONTE pasta dentífrica formato viaje pack 3 x 25 ml","price":"1,50 €","pricePerUnit":"(20,00 €/l.)","imgUrl":"https://s2.dia.es/medias/h4e/h5f/9074775556126.jpg"},{"title":"BONTE pasta dentífrica herbal tubo 100 ml","price":"0,85 €","pricePerUnit":"(8,50 €/l.)","imgUrl":"https://s2.dia.es/medias/h02/hf9/9025559003166.jpg"},{"title":"BONTE pasta dentífrica protección total tubo 100 ml","price":"0,95 €","pricePerUnit":"(9,50 €/l.)","imgUrl":"https://s2.dia.es/medias/h51/h98/9025515814942.jpg"},{"title":"CLOSE UP pasta dentífrica verde menta tubo 75 ml","price":"1,59 €","pricePerUnit":"(21,20 €/l.)","imgUrl":"https://s3.dia.es/medias/h31/hba/9096482226206.jpg"},{"title":"COLGATE Kids pasta dentífrica máxima protección anticaries tubo 50 ml","price":"2,29 €","pricePerUnit":"(45,80 €/l.)","imgUrl":"https://s2.dia.es/medias/h0d/h65/9512291631134.jpg"},{"title":"COLGATE pasta dentifrica maxima protección caries tubo 75 ml","price":"2,05 €","pricePerUnit":"(27,33 €/l.)","imgUrl":"https://s3.dia.es/medias/hb5/hb9/9512243986462.jpg"},{"title":"COLGATE pasta dentrifica max white con micro cristales blancos tubo 75 ml","price":"1,79 €","pricePerUnit":"(23,87 €/l.)","imgUrl":"https://s2.dia.es/medias/h0c/h19/9654983950366.jpg"},{"title":"COLGATE pasta dentrífica triple acción con flúor tubo 75 ml","price":"1,49 €","pricePerUnit":"(19,87 €/l.)","imgUrl":"https://s3.dia.es/medias/h51/hef/9557353693214.jpg"},{"title":"COLGATE pasta dentífrica blanqueante tubo 75 ml","price":"1,79 €","pricePerUnit":"(23,87 €/l.)","imgUrl":"https://s0.dia.es/medias/h3d/hd6/9512276492318.jpg"},{"title":"COLGATE pasta dentífrica flúor y calcio máxima protección tubo 2 x 75 ml","price":"2,99 €","pricePerUnit":"(19,93 €/l.)","imgUrl":"https://s1.dia.es/medias/h8a/hab/9523038650398.jpg"},{"title":"COLGATE pasta dentífrica flúor y calcio máxima protección tubo 75 ml","price":"1,49 €","pricePerUnit":"(19,87 €/l.)","imgUrl":"https://s1.dia.es/medias/hdf/hdf/9523025969182.jpg"},{"title":"COLGATE pasta dentífrica herbal tubo 75 ml","price":"1,49 €","pricePerUnit":"(19,87 €/l.)","imgUrl":"https://s2.dia.es/medias/h00/h1b/9512186773534.jpg"},{"title":"COLGATE pasta dentífrica max fresh con cristales refrescantes tubo 75 ml","price":"1,79 €","pricePerUnit":"(23,87 €/l.)","imgUrl":"https://s0.dia.es/medias/h4d/h45/9512292614174.jpg"},{"title":"COLGATE pasta dentífrica max fresh gel flúor tubo 75 ml","price":"1,49 €","pricePerUnit":"(19,87 €/l.)","imgUrl":"https://s0.dia.es/medias/h3f/h8f/9512214954014.jpg"},{"title":"COLGATE pasta dentífrica max white expert complete tubo 75 ml","price":"4,95 €","pricePerUnit":"(66,00 €/l.)","imgUrl":"https://s0.dia.es/medias/h4e/h61/9668398612510.jpg"},{"title":"COLGATE pasta dentífrica max white expert tubo 75 ml","price":"3,99 €","pricePerUnit":"(53,20 €/l.)","imgUrl":"https://s1.dia.es/medias/h64/ha1/9512290975774.jpg"},{"title":"COLGATE pasta dentífrica max white expert white tubo 75 ml","price":"4,59 €","pricePerUnit":"(61,20 €/l.)","imgUrl":"https://s2.dia.es/medias/h94/h82/9512195293214.jpg"},{"title":"COLGATE pasta dentífrica max white one tubo 75 ml","price":"2,70 €","pricePerUnit":"(36,00 €/l.)","imgUrl":"https://s3.dia.es/medias/h14/h9b/9675363942430.jpg"},{"title":"COLGATE pasta dentífrica minions para niños tubo 50 ml","price":"2,05 €","pricePerUnit":"(41,00 €/l.)","imgUrl":"https://s3.dia.es/medias/h5a/h58/9512234188830.jpg"},{"title":"COLGATE pasta dentífrica natural extracts blancura resplandeciente tubo 75 ml","price":"2,89 €","pricePerUnit":"(38,53 €/l.)","imgUrl":"https://s2.dia.es/medias/h31/h74/9597094461470.jpg"},{"title":"COLGATE pasta dentífrica natural extracts limón tubo 75 ml","price":"2,99 €","pricePerUnit":"(39,87 €/l.)","imgUrl":"https://s3.dia.es/medias/h38/h6c/9597088890910.jpg"},{"title":"COLGATE pasta dentífrica pro alivio sensitive tubo 75 ml","price":"3,79 €","pricePerUnit":"(50,53 €/l.)","imgUrl":"https://s2.dia.es/medias/h52/h70/9512184807454.jpg"},{"title":"COLGATE pasta dentífrica sensitive blanqueador tubo 75 ml","price":"2,15 €","pricePerUnit":"(28,67 €/l.)","imgUrl":"https://s3.dia.es/medias/h5a/h8f/9512187756574.jpg"},{"title":"COLGATE pasta dentífrica sensitive pro alivio blanqueador tubo 75 ml","price":"3,79 €","pricePerUnit":"(50,53 €/l.)","imgUrl":"https://s0.dia.es/medias/h4b/h45/9512249720862.jpg"},{"title":"COLGATE pasta dentífrica smiles junior +6 años tubo 50 ml","price":"2,05 €","pricePerUnit":"(41,00 €/l.)","imgUrl":"https://s3.dia.es/medias/hea/hfc/9512234844190.jpg"},{"title":"COLGATE pasta dentífrica triple acción tubo 2 x 75 ml","price":"2,72 €","pricePerUnit":"(18,13 €/l.)","imgUrl":"https://s2.dia.es/medias/h21/h54/9523035701278.jpg"},{"title":"COLGATE Total pasta dentífrica encías sanas tubo 75 ml","price":"2,99 €","pricePerUnit":"(39,87 €/l.)","imgUrl":"https://s0.dia.es/medias/h2d/h0d/9572038377502.jpg"},{"title":"COLGATE Total pasta dentífrica esmalte sano tubo 75 ml","price":"2,99 €","pricePerUnit":"(39,87 €/l.)","imgUrl":"https://s0.dia.es/medias/hed/h2b/9572043620382.jpg"},{"title":"COLGATE Total pasta dentífrica original formato viaje pack 3 x 19 ml","price":"2,99 €","pricePerUnit":"(52,46 €/l.)","imgUrl":"https://s0.dia.es/medias/hd0/he5/9600412942366.jpg"},{"title":"COLGATE Total pasta dentífrica original tubo 75 ml","price":"2,49 €","pricePerUnit":"(33,20 €/l.)","imgUrl":"https://s0.dia.es/medias/h1a/hdc/9572042309662.jpg"},{"title":"DENIVIT pasta dentífrica antimanchas tubo 50  ml","price":"1,98 €","pricePerUnit":"(39,60 €/l.)","imgUrl":"https://s3.dia.es/medias/h76/h40/9527669817374.jpg"},{"title":"DENTIBLANK pasta dentrífica blanqueador intensivo tubo 100 ml","price":"8,75 €","pricePerUnit":"(87,50 €/l.)","imgUrl":"https://s0.dia.es/medias/hd9/h1c/9403391180830.jpg"},{"title":"IWHITE pasta dentrífica blanqueadora tubo 75 ml","price":"8,99 €","pricePerUnit":"(119,87 €/l.)","imgUrl":"https://s2.dia.es/medias/h11/h10/9428150616094.jpg"},{"title":"KEMPHOR pasta dentífrica fluorada blanqueadora tubo 75 ml","price":"3,39 €","pricePerUnit":"(45,20 €/l.)","imgUrl":"https://s2.dia.es/medias/h85/h00/8882715361310.png"},{"title":"KEMPHOR pasta dentífrica fresh gel fluorado tubo 75 ml","price":"1,99 €","pricePerUnit":"(26,53 €/l.)","imgUrl":"https://s1.dia.es/medias/h30/h4c/8856388632606.png"},{"title":"KEMPHOR pasta dentífrica original fluorada 75 ml","price":"1,79 €","pricePerUnit":"(23,87 €/l.)","imgUrl":"https://s3.dia.es/medias/hbe/hf4/8946615156766.png"},{"title":"KEMPHOR pasta dentífrica sensitive para dientes sensibles tubo 75 ml","price":"2,79 €","pricePerUnit":"(37,20 €/l.)","imgUrl":"https://s3.dia.es/medias/hce/hbc/8857082363934.png"},{"title":"KEMPHOR pasta dentífrica white blanco total tubo 75 ml","price":"2,79 €","pricePerUnit":"(37,20 €/l.)","imgUrl":"https://s2.dia.es/medias/h3a/h19/8855847862302.png"},{"title":"LICOR DEL POLO 2 en 1 dentífrico + enjuague bucal aliento fresco bote 75 ml","price":"1,79 €","pricePerUnit":"(23,87 €/l.)","imgUrl":"https://s2.dia.es/medias/h46/haf/9527133044766.jpg"},{"title":"LICOR DEL POLO 2 en 1 dentífrico + enjuague bucal bálsmico bote 75 ml","price":"1,79 €","pricePerUnit":"(23,87 €/l.)","imgUrl":"https://s3.dia.es/medias/h47/h97/9527124852766.jpg"},{"title":"LICOR DEL POLO dentífrico con elixir 2 en 1 blanqueador avanzado bote 75 ml","price":"1,94 €","pricePerUnit":"(25,87 €/l.)","imgUrl":"https://s0.dia.es/medias/h38/hf3/9527120461854.jpg"},{"title":"LICOR DEL POLO dentífrico con elixir 2 en 1 menta fresca bote 75 ml","price":"1,94 €","pricePerUnit":"(25,87 €/l.)","imgUrl":"https://s1.dia.es/medias/hc8/h92/9527125508126.jpg"},{"title":"LICOR DEL POLO Junior pasta dentífrica 2 en 1 fresa +6 años bote 75 ml","price":"1,94 €","pricePerUnit":"(25,87 €/l.)","imgUrl":"https://s3.dia.es/medias/h86/hcd/9527669162014.jpg"},{"title":"LICOR DEL POLO Junior pasta dentífrica 2 en 1 menta bote 75 ml","price":"1,79 €","pricePerUnit":"(23,87 €/l.)","imgUrl":"https://s1.dia.es/medias/hd2/h32/9527729979422.jpg"},{"title":"LICOR DEL POLO Junior pasta dentífrica fresa 1-6 años tubo 50 ml","price":"1,59 €","pricePerUnit":"(31,80 €/l.)","imgUrl":"https://s0.dia.es/medias/h46/he3/9527669489694.jpg"},{"title":"LICOR DEL POLO Junior pasta dentífrica menta +6 años tubo 75 ml","price":"1,99 €","pricePerUnit":"(26,53 €/l.)","imgUrl":"https://s2.dia.es/medias/h15/hea/9129190719518.jpg"},{"title":"LICOR DEL POLO pasta dental blanco polar tubo 75 ml","price":"1,53 €","pricePerUnit":"(10,20 €/l.)","imgUrl":"https://s1.dia.es/medias/hfd/h23/9521610981406.jpg"},{"title":"LICOR DEL POLO pasta dental clorofila tubo 75 ml","price":"1,53 €","pricePerUnit":"(20,40 €/l.)","imgUrl":"https://s0.dia.es/medias/h6b/h18/9161808281630.jpg"},{"title":"LICOR DEL POLO pasta dentífrica frozen senses frescor purificante tubo 75 ml","price":"1,59 €","pricePerUnit":"(21,20 €/l.)","imgUrl":"https://s3.dia.es/medias/h71/h10/9161812672542.jpg"},{"title":"ORAL B dentífrico pro-expert multiprotección tubo 75 ml","price":"3,35 €","pricePerUnit":"(44,67 €/l.)","imgUrl":"https://s3.dia.es/medias/hae/hae/9549158907934.jpg"},{"title":"ORAL B pasta dentífrica pro-expert blanqueante tubo 75 ml","price":"3,49 €","pricePerUnit":"(46,53 €/l.)","imgUrl":"https://s2.dia.es/medias/hd0/h6d/9549395755038.jpg"},{"title":"ORAL B pasta dentífrica pro-expert sensibilidad + blanqueamiento tubo 75 ml","price":"3,35 €","pricePerUnit":"(44,67 €/l.)","imgUrl":"https://s0.dia.es/medias/h97/h39/9549381337118.jpg"},{"title":"ORAL B pasta dentífrica repair blanqueante tubo 75 ml","price":"3,99 €","pricePerUnit":"(53,20 €/l.)","imgUrl":"https://s1.dia.es/medias/hfb/hea/9348698832926.jpg"},{"title":"ORAL B pasta dentífrica repair tubo 75 ml","price":"3,99 €","pricePerUnit":"(53,20 €/l.)","imgUrl":"https://s0.dia.es/medias/hda/h6d/9298871582750.jpg"},{"title":"PROFIDEN pasta dentrifica anticaries tubo 75ml","price":"1,05 €","pricePerUnit":"(14,00 €/l.)","imgUrl":"https://s3.dia.es/medias/hb7/h6a/9512259780638.jpg"},{"title":"SENSODYNE dentífrico acción completa tubo 75 ml","price":"4,19 €","pricePerUnit":"(55,87 €/l.)","imgUrl":"https://s0.dia.es/medias/h3d/h5e/8858829914142.png"},{"title":"SENSODYNE dentífrico protección diaria tubo 75 ml","price":"3,75 €","pricePerUnit":"(50,00 €/l.)","imgUrl":"https://s2.dia.es/medias/h57/hae/8962761293854.jpg"},{"title":"SENSODYNE pasta dentifrica blanqueante tubo 75ml","price":"3,50 €","pricePerUnit":"(46,67 €/l.)","imgUrl":"https://s2.dia.es/medias/h64/he0/8855781802014.png"},{"title":"SENSODYNE pasta dentifrica repair&protect blanqueante tubo 75ml","price":"4,19 €","pricePerUnit":"(55,87 €/l.)","imgUrl":"https://s1.dia.es/medias/hc2/h9c/8963310354462.jpg"},{"title":"SENSODYNE pasta dentífrica rapid action tubo 75 ml","price":"4,40 €","pricePerUnit":"(58,67 €/l.)","imgUrl":"https://s2.dia.es/medias/h87/h8c/9104445997086.jpg"},{"title":"SENSODYNE pasta dentífrica repair & protect tubo 75 ml","price":"4,15 €","pricePerUnit":"(55,33 €/l.)","imgUrl":"https://s0.dia.es/medias/hb7/hf0/8857765216286.png"},{"title":"SENSODYNE pasta dentífrica sensibilidad y encías tubo 75 ml","price":"4,20 €","pricePerUnit":"(56,00 €/l.)","imgUrl":"https://s2.dia.es/medias/h78/hce/9637922373662.jpg"},{"title":"SIGNAL pasta dentifrica bicarbonadto blanqueador pack 2 tubo 100ml","price":"2,77 €","pricePerUnit":"(13,85 €/l.)","imgUrl":"https://s0.dia.es/medias/h58/haf/8962561146910.jpg"},{"title":"SIGNAL pasta dentífrica anticaries tubo 2 x 100 ml","price":"2,89 €","pricePerUnit":"(14,45 €/l.)","imgUrl":"https://s3.dia.es/medias/h81/h46/8946628591646.png"},{"title":"SIGNAL pasta dentífrica blanqueadora bicarbonato tubo 75 ml","price":"1,43 €","pricePerUnit":"(19,07 €/l.)","imgUrl":"https://s1.dia.es/medias/h33/h68/8962641887262.jpg"},{"title":"SIGNAL pasta dentífrica frescor explosivo blanqueador con flúor tubo 75 ml","price":"1,49 €","pricePerUnit":"(19,87 €/l.)","imgUrl":"https://s3.dia.es/medias/hf5/h22/9358634942494.jpg"},{"title":"SIGNAL pasta dentífrica gel fresco con flúor y menta tubo 75 ml","price":"1,49 €","pricePerUnit":"(19,87 €/l.)","imgUrl":"https://s0.dia.es/medias/h0c/h06/8963379494942.jpg"},{"title":"SIGNAL pasta dentífrica microgranulos tubo 75 ml","price":"1,49 €","pricePerUnit":"(19,87 €/l.)","imgUrl":"https://s1.dia.es/medias/h26/h68/8853658042398.png"},{"title":"SIGNAL pasta dentífrica protección anticaries tubo 75 ml","price":"1,43 €","pricePerUnit":"(19,07 €/l.)","imgUrl":"https://s3.dia.es/medias/h10/he9/8962568749086.jpg"},{"title":"SIGNAL pasta dentífrica white now tubo 75 ml","price":"2,99 €","pricePerUnit":"(39,87 €/l.)","imgUrl":"https://s0.dia.es/medias/hff/hb8/8962661679134.jpg"},{"title":"SIGNAL pasta dentítrica infantil sabor frutal tubo 50 ml","price":"1,49 €","pricePerUnit":"(29,80 €/l.)","imgUrl":"https://s1.dia.es/medias/h84/h0e/8962717188126.jpg"},{"title":"VADEMECUM pasta dentífrica encías sanas tubo 75 ml","price":"2,39 €","pricePerUnit":"(31,87 €/l.)","imgUrl":"https://s0.dia.es/medias/h6a/h10/9527679385630.jpg"}]},"enjuagues-y-antisepticos":{"categoryUrl":"/compra-online/productos/perfumeria-e-higiene/higiene-bucal/enjuagues-y-antisepticos/c/WEB.010.088.00572","products":[{"title":"BINACA enjuague bucal menta sin alcohol bote 500ml","price":"4,39 €","pricePerUnit":"(8,78 €/l.)","imgUrl":"https://s1.dia.es/medias/h7a/h6f/8963398172702.jpg"},{"title":"BONTE enjuague bucal blanqueador botella 500 ml","price":"1,55 €","pricePerUnit":"(3,10 €/l.)","imgUrl":"https://s1.dia.es/medias/hd2/h8e/9102104231966.jpg"},{"title":"BONTE enjuague bucal flúor botella 1 lt","price":"2,60 €","pricePerUnit":"(2,60 €/l.)","imgUrl":"https://s1.dia.es/medias/h89/h81/9007442427934.jpg"},{"title":"BONTE enjuague bucal flúor formato viaje botella 100 ml","price":"1,00 €","pricePerUnit":"(10,00 €/l.)","imgUrl":"https://s1.dia.es/medias/h5e/hc9/9328740401182.jpg"},{"title":"BONTE enjuague bucal protección total botella 500 ml","price":"1,35 €","pricePerUnit":"(2,70 €/l.)","imgUrl":"https://s2.dia.es/medias/hb7/h06/9102100561950.jpg"},{"title":"BONTE enjuague bucal sensicare protección de encias botella 500 ml","price":"1,35 €","pricePerUnit":"(2,70 €/l.)","imgUrl":"https://s3.dia.es/medias/h4e/h20/9158112542750.jpg"},{"title":"BONTE enjuague bucal sin alcohol suave y fresco botella 500 ml","price":"1,83 €","pricePerUnit":"(3,66 €/l.)","imgUrl":"https://s2.dia.es/medias/h1f/h68/9102097940510.jpg"},{"title":"COLGATE enjuague bucal max white expert sin alcohol botella 500 ml","price":"4,49 €","pricePerUnit":"(8,98 €/l.)","imgUrl":"https://s2.dia.es/medias/h35/hee/9660468330526.jpg"},{"title":"COLGATE enjuague bucal plax original botella 500 ml","price":"4,75 €","pricePerUnit":"(9,50 €/l.)","imgUrl":"https://s0.dia.es/medias/h55/h77/9167813672990.jpg"},{"title":"COLGATE enjuague bucal plax tea & lemon botella 500 ml","price":"4,65 €","pricePerUnit":"(9,30 €/l.)","imgUrl":"https://s0.dia.es/medias/h54/hc5/9655423205406.jpg"},{"title":"COLGATE PLAX enjuague bucal multiprotección botella 500ml","price":"4,79 €","pricePerUnit":"(9,58 €/l.)","imgUrl":"https://s3.dia.es/medias/he6/ha7/9670957858846.jpg"},{"title":"COLGATE PLAX enjuague bucal triple acción botella 500ml","price":"2,99 €","pricePerUnit":"(5,98 €/l.)","imgUrl":"https://s1.dia.es/medias/h5d/h45/9578208067614.jpg"},{"title":"JUNIORSMILE enjuague bucal sabor fresa sin alcohol +6 años botella 100 ml","price":"1,00 €","pricePerUnit":"(10,00 €/l.)","imgUrl":"https://s1.dia.es/medias/hf5/hd6/9127190560798.jpg"},{"title":"JUNIORSMILE enjuague bucal sabor fresa sin alcohol +6 años botella 500 ml","price":"1,42 €","pricePerUnit":"(2,84 €/l.)","imgUrl":"https://s3.dia.es/medias/hd2/hb5/9102104559646.jpg"},{"title":"KEMPHOR enjuague bucal elixir concentrado botella 100 ml","price":"3,89 €","pricePerUnit":"(38,90 €/l.)","imgUrl":"https://s2.dia.es/medias/h76/hb5/8856540282910.png"},{"title":"KEMPHOR enjuague bucal encías botellla 500 ml","price":"4,69 €","pricePerUnit":"(9,38 €/l.)","imgUrl":"https://s0.dia.es/medias/h1e/hc7/8856557584414.png"},{"title":"KEMPHOR enjuague bucal flúor botella 500 ml","price":"4,69 €","pricePerUnit":"(9,38 €/l.)","imgUrl":"https://s2.dia.es/medias/h3f/h90/8855028432926.png"},{"title":"KEMPHOR total enjuague bucal acción total botella 500 ml","price":"4,69 €","pricePerUnit":"(9,38 €/l.)","imgUrl":"https://s0.dia.es/medias/h30/hb6/8946578194462.png"},{"title":"LICOR DEL POLO enjuague bucal antiséptico 3d clean botella 500 m","price":"4,29 €","pricePerUnit":"(8,58 €/l.)","imgUrl":"https://s2.dia.es/medias/hb6/hc0/9527659331614.jpg"},{"title":"LICOR DEL POLO enjuague bucal triple accion sabor original botella 500 ml","price":"4,25 €","pricePerUnit":"(8,50 €/l.)","imgUrl":"https://s0.dia.es/medias/hb3/he1/9527677190174.jpg"},{"title":"LISTERINE enjuague bucal cuidado total sensitive botella 500 ml","price":"5,50 €","pricePerUnit":"(11,00 €/l.)","imgUrl":"https://s3.dia.es/medias/h11/h30/8855076208670.png"},{"title":"LISTERINE enjuague bucal dientes y encias botella 1 lt","price":"8,49 €","pricePerUnit":"(8,49 €/l.)","imgUrl":"https://s3.dia.es/medias/h7c/he1/8963325755422.jpg"},{"title":"LISTERINE enjuague bucal dientes y encias botella 500 ml","price":"4,95 €","pricePerUnit":"(9,90 €/l.)","imgUrl":"https://s2.dia.es/medias/hf8/h0b/8962694578206.jpg"},{"title":"LISTERINE enjuague bucal dientes y encias suave botella 500 ml","price":"5,55 €","pricePerUnit":"(11,10 €/l.)","imgUrl":"https://s1.dia.es/medias/h9a/h9d/9390430683166.jpg"},{"title":"LISTERINE enjuague bucal menta fresca 500 ml","price":"4,85 €","pricePerUnit":"(9,70 €/l.)","imgUrl":"https://s2.dia.es/medias/h8b/hd6/8962674655262.jpg"},{"title":"LISTERINE enjuague bucal mentol botella 500 ml","price":"4,85 €","pricePerUnit":"(9,70 €/l.)","imgUrl":"https://s0.dia.es/medias/h3d/h82/8962753560606.jpg"},{"title":"LISTERINE enjuague bucal total botella 1 lt","price":"9,49 €","pricePerUnit":"(9,49 €/l.)","imgUrl":"https://s0.dia.es/medias/h81/ha6/8962591752222.jpg"},{"title":"LISTERINE enjuague bucal total care botella 500ml","price":"5,50 €","pricePerUnit":"(11,00 €/l.)","imgUrl":"https://s3.dia.es/medias/he8/hf3/8962786000926.jpg"},{"title":"LISTERINE enjuague bucal zero 500 ml","price":"4,85 €","pricePerUnit":"(9,70 €/l.)","imgUrl":"https://s1.dia.es/medias/hf2/h12/8874693001246.png"},{"title":"ORAL B enjuague bucal protección profesional botella 500 ml","price":"4,99 €","pricePerUnit":"(9,98 €/l.)","imgUrl":"https://s2.dia.es/medias/h1b/hd2/8958761467934.png"},{"title":"SENSODYNE enjuague bucal cool mint botella 500 ml","price":"5,95 €","pricePerUnit":"(11,90 €/l.)","imgUrl":"https://s1.dia.es/medias/h20/heb/8964377870366.jpg"},{"title":"VADEMECUM enjuague bucal sin alcohol botella 700 ml","price":"4,19 €","pricePerUnit":"(5,99 €/l.)","imgUrl":"https://s3.dia.es/medias/h02/hfc/8964356210718.jpg"}]},"seda-dental":{"categoryUrl":"/compra-online/productos/perfumeria-e-higiene/higiene-bucal/seda-dental/c/WEB.010.088.00574","products":[{"title":"BONTE arcos dentales sabor menta envase 30 uds","price":"0,95 €","pricePerUnit":"(0,95 €/ud.)","imgUrl":"https://s1.dia.es/medias/hb6/h1b/9081062391838.jpg"},{"title":"BONTE cepillo interdentales extrafinos envase 6 uds","price":"1,58 €","pricePerUnit":"(0,26 €/ud.)","imgUrl":"https://s2.dia.es/medias/h68/h2a/9674570268702.jpg"},{"title":"BONTE cepillo interdentales finos envase 6 uds","price":"1,75 €","pricePerUnit":"(0,29 €/ud.)","imgUrl":"https://s1.dia.es/medias/h52/h32/9674570596382.jpg"},{"title":"BONTE seda dental menta y cera caja 50 metros","price":"1,27 €","pricePerUnit":"(1,27 €/ud.)","imgUrl":"https://s3.dia.es/medias/hd3/h01/9039564963870.jpg"},{"title":"COLGATE Total seda dental blíster 50 mt.","price":"3,49 €","pricePerUnit":"(0,07 €/m.)","imgUrl":"https://s1.dia.es/medias/hc0/h88/9512274198558.jpg"},{"title":"ORAL B Essential floss seda dental blíster 50 m.","price":"3,49 €","pricePerUnit":"(0,07 €/m.)","imgUrl":"https://s0.dia.es/medias/hc4/h92/8964216750110.jpg"}]},"productos-protesicos":{"categoryUrl":"/compra-online/productos/perfumeria-e-higiene/higiene-bucal/productos-protesicos/c/WEB.010.088.00573","products":[{"title":"ALGASIV almohadillas dental inferior caja 18 uds","price":"6,99 €","pricePerUnit":"(0,39 €/ud.)","imgUrl":"https://s2.dia.es/medias/h23/hfc/9037753352222.jpg"},{"title":"ALGASIV almohadillas dental superior caja 18 uds","price":"6,99 €","pricePerUnit":"(0,39 €/ud.)","imgUrl":"https://s0.dia.es/medias/h2f/h2d/9037743783966.jpg"},{"title":"ALGASIV crema fijadora para prótesis dental tubo 40 gr","price":"9,45 €","pricePerUnit":"(236,25 €/Kg.)","imgUrl":"https://s1.dia.es/medias/hb5/hae/9361970954270.jpg"},{"title":"BONTE crema fijadora adhesiva acción inmediata para prótesis dentales tubo 40 ml","price":"3,05 €","pricePerUnit":"(76,25 €/l.)","imgUrl":"https://s0.dia.es/medias/h64/he3/9526611181598.jpg"},{"title":"BONTE tabletas efervesentes limpiadoras para prótesis dentales 3 en 1 caja 30 uds","price":"2,35 €","pricePerUnit":"(0,08 €/ud.)","imgUrl":"https://s0.dia.es/medias/hf3/he4/9025574797342.jpg"},{"title":"POLIDENT crema fijadora para protesis dental tubo 40 gr","price":"4,95 €","pricePerUnit":"(123,75 €/Kg.)","imgUrl":"https://s2.dia.es/medias/h9e/h01/8855889805342.png"},{"title":"POLIDENT crema fijadora para prótesis dental original tubo 70 gr","price":"6,95 €","pricePerUnit":"(99,29 €/Kg.)","imgUrl":"https://s0.dia.es/medias/h12/h0d/9104392847390.jpg"},{"title":"POLIDENT crema fijadora para prótesis dental sin sabor tubo 40 ml","price":"4,49 €","pricePerUnit":"(112,25 €/Kg.)","imgUrl":"https://s1.dia.es/medias/h33/hdf/9037793329182.jpg"},{"title":"POLIDENT tabletas limpiadoras para prótesis dental caja 30 ud","price":"4,79 €","pricePerUnit":"(0,16 €/ud.)","imgUrl":"https://s2.dia.es/medias/hd4/hbb/8963324772382.jpg"}]}},"higiene-intima":{"name":"Higieneintima","productTypes":["compresas","tampones","protege-slips","aseo-intimo","incontinencia"],"compresas":{"categoryUrl":"/compra-online/productos/perfumeria-e-higiene/higiene-intima/compresas/c/WEB.010.089.00576","products":[{"title":"AUSONIA compresas extraplana normal bolsa 18 uds","price":"1,99 €","pricePerUnit":"(0,11 €/ud.)","imgUrl":"https://s2.dia.es/medias/h68/h00/9093845778462.jpg"},{"title":"AUSONIA compresas noche con alas más larga bolsa 9 uds","price":"1,99 €","pricePerUnit":"(0,22 €/ud.)","imgUrl":"https://s2.dia.es/medias/h7f/h36/9093111414814.jpg"},{"title":"AUSONIA compresas noche super plus bolsa 10 uds","price":"1,95 €","pricePerUnit":"(0,20 €/ud.)","imgUrl":"https://s3.dia.es/medias/h44/h8b/9093839683614.jpg"},{"title":"AUSONIA compresas normal alas bolsa 14 uds","price":"1,99 €","pricePerUnit":"(0,14 €/ud.)","imgUrl":"https://s0.dia.es/medias/hd0/h65/9093749506078.jpg"},{"title":"AUSONIA compresas normal alas bolsa 38 uds","price":"4,99 €","pricePerUnit":"(0,13 €/ud.)","imgUrl":"https://s1.dia.es/medias/ha6/h90/8946094800926.jpg"},{"title":"AUSONIA compresas super alas bolsa 26 uds","price":"3,99 €","pricePerUnit":"(0,15 €/ud.)","imgUrl":"https://s3.dia.es/medias/h2b/h01/8946277187614.png"},{"title":"AUSONIA sensitive compresa normal con alas bolsa 14 ud","price":"1,65 €","pricePerUnit":"(0,12 €/ud.)","imgUrl":"https://s0.dia.es/medias/h59/h00/9621697232926.jpg"},{"title":"AUSONIA sensitive compresas super con alas bolsa 12 uds","price":"1,69 €","pricePerUnit":"(0,14 €/ud.)","imgUrl":"https://s1.dia.es/medias/hb3/h87/9096605892638.jpg"},{"title":"BONTE compresa clásica normal sin alas bolsa 20 uds","price":"0,81 €","pricePerUnit":"(0,81 €/ud.)","imgUrl":"https://s1.dia.es/medias/h2e/hb0/9118418829342.jpg"},{"title":"BONTE compresa clásica normal sin alas plegada bolsa 18 uds","price":"1,25 €","pricePerUnit":"(0,07 €/ud.)","imgUrl":"https://s3.dia.es/medias/had/h63/9181577609246.jpg"},{"title":"BONTE compresa clásica super sin alas plegada bolsa 16 uds","price":"1,39 €","pricePerUnit":"(0,09 €/ud.)","imgUrl":"https://s1.dia.es/medias/h80/h68/9181559029790.jpg"},{"title":"BONTE compresa de noche ultra con alas bolsa 10 ud","price":"1,25 €","pricePerUnit":"(0,13 €/ud.)","imgUrl":"https://s3.dia.es/medias/he5/h05/8856027693086.png"},{"title":"BONTE compresas clásica de noche sin alas bolsa 10 ud","price":"1,05 €","pricePerUnit":"(0,11 €/ud.)","imgUrl":"https://s1.dia.es/medias/h33/hb0/9052435513374.jpg"},{"title":"BONTE compresas ultra normal alas bolsa 28 uds","price":"1,99 €","pricePerUnit":"(0,07 €/ud.)","imgUrl":"https://s3.dia.es/medias/h7b/hba/9052450390046.jpg"},{"title":"BONTE compresas ultra normal sin alas bolsa 28 uds","price":"1,99 €","pricePerUnit":"(0,07 €/ud.)","imgUrl":"https://s3.dia.es/medias/h41/hc9/9052487942174.jpg"},{"title":"BONTE compresas ultra super con alas bolsa 24 uds","price":"1,99 €","pricePerUnit":"(0,08 €/ud.)","imgUrl":"https://s3.dia.es/medias/hcb/h7c/9052553609246.jpg"},{"title":"EVAX Cottonlike compresa noche con alas bolsa 18 uds","price":"4,99 €","pricePerUnit":"(0,28 €/ud.)","imgUrl":"https://s2.dia.es/medias/hc4/h11/9091223453726.jpg"},{"title":"EVAX Cottonlike compresa normal con alas bolsa 16 uds","price":"2,29 €","pricePerUnit":"(0,14 €/ud.)","imgUrl":"https://s2.dia.es/medias/h8d/he3/9094452183070.jpg"},{"title":"EVAX Cottonlike compresa normal con alas bolsa 32 uds","price":"4,69 €","pricePerUnit":"(0,15 €/ud.)","imgUrl":"https://s2.dia.es/medias/h16/hb6/9093708480542.jpg"},{"title":"EVAX Cottonlike compresa normal plus con alas bolsa 28 uds","price":"4,99 €","pricePerUnit":"(0,18 €/ud.)","imgUrl":"https://s1.dia.es/medias/ha7/ha5/9091222994974.jpg"},{"title":"EVAX Cottonlike compresa super con alas bolsa 24 uds","price":"4,69 €","pricePerUnit":"(0,20 €/ud.)","imgUrl":"https://s0.dia.es/medias/h0e/h3b/9093817401374.jpg"},{"title":"EVAX Liberty compresa noche con alas caja 9 uds","price":"2,99 €","pricePerUnit":"(0,33 €/ud.)","imgUrl":"https://s3.dia.es/medias/h8e/h27/9387950178334.jpg"},{"title":"EVAX Liberty compresa normal con alas caja 12 uds","price":"2,99 €","pricePerUnit":"(0,25 €/ud.)","imgUrl":"https://s1.dia.es/medias/h88/hd1/9110044606494.jpg"},{"title":"EVAX Liberty compresa normal sin alas caja 12 uds","price":"2,99 €","pricePerUnit":"(0,25 €/ud.)","imgUrl":"https://s0.dia.es/medias/h15/hcc/9110045261854.jpg"},{"title":"EVAX Liberty compresa super con alas caja 10 uds","price":"2,99 €","pricePerUnit":"(0,30 €/ud.)","imgUrl":"https://s1.dia.es/medias/ha1/he4/9110045917214.jpg"}]},"tampones":{"categoryUrl":"/compra-online/productos/perfumeria-e-higiene/higiene-intima/tampones/c/WEB.010.089.00578","products":[{"title":"BONTE tampones compactos con aplicador normal paquete 32 ud","price":"2,65 €","pricePerUnit":"(0,08 €/ud.)","imgUrl":"https://s0.dia.es/medias/h09/h64/9074778898462.jpg"},{"title":"BONTE tampones compactos multipack caja 32 uds","price":"3,35 €","pricePerUnit":"(0,10 €/ud.)","imgUrl":"https://s1.dia.es/medias/h1c/h25/9074781847582.jpg"},{"title":"BONTE tampones compactos super plus caja 28 uds","price":"2,59 €","pricePerUnit":"(0,09 €/ud.)","imgUrl":"https://s1.dia.es/medias/h56/hf6/9074776539166.jpg"},{"title":"BONTE tampón compacto con aplicador super paquete 32 ud","price":"2,65 €","pricePerUnit":"(0,08 €/ud.)","imgUrl":"https://s2.dia.es/medias/hb8/ha4/9074798821406.jpg"},{"title":"BONTE tampón con aplicador classic normal caja 40 uds","price":"2,59 €","pricePerUnit":"(0,06 €/ud.)","imgUrl":"https://s0.dia.es/medias/h1f/h73/9074755371038.jpg"},{"title":"BONTE tampón con aplicador classic plus caja 40 uds","price":"2,59 €","pricePerUnit":"(0,06 €/ud.)","imgUrl":"https://s1.dia.es/medias/h8a/h72/9074725421086.jpg"},{"title":"OB Compact tampón con aplicador normal caja 16 uds","price":"2,75 €","pricePerUnit":"(0,17 €/ud.)","imgUrl":"https://s3.dia.es/medias/hee/h1e/8992593674270.jpg"},{"title":"OB Pro confort tampón mini caja 32 uds","price":"5,25 €","pricePerUnit":"(0,16 €/ud.)","imgUrl":"https://s2.dia.es/medias/hc3/hed/9096356200478.jpg"},{"title":"OB Pro confort tampón super plus caja 16 uds","price":"3,79 €","pricePerUnit":"(0,24 €/ud.)","imgUrl":"https://s1.dia.es/medias/h23/hff/9039661334558.jpg"},{"title":"OB tampón con aplicador super caja 16 uds","price":"2,75 €","pricePerUnit":"(0,11 €/ud.)","imgUrl":"https://s0.dia.es/medias/h68/ha1/8956526690334.png"},{"title":"OB tampón digital regular paquete 32 ud","price":"5,25 €","pricePerUnit":"(0,16 €/ud.)","imgUrl":"https://s1.dia.es/medias/h7a/ha6/8901904695326.jpg"},{"title":"OB tampón digital super caja 32 uds","price":"5,25 €","pricePerUnit":"(0,16 €/ud.)","imgUrl":"https://s1.dia.es/medias/he7/h2b/8853707587614.png"},{"title":"TAMPAX Compak tampón multipack caja 16 uds","price":"2,99 €","pricePerUnit":"(0,19 €/ud.)","imgUrl":"https://s1.dia.es/medias/h6a/ha5/8882496012318.png"},{"title":"TAMPAX Compak tampón regular caja 22 uds","price":"4,05 €","pricePerUnit":"(0,18 €/ud.)","imgUrl":"https://s1.dia.es/medias/h46/h14/8886593486878.png"},{"title":"TAMPAX Compak tampón super caja 22 uds","price":"4,05 €","pricePerUnit":"(0,18 €/ud.)","imgUrl":"https://s2.dia.es/medias/hb1/h10/8882595495966.png"},{"title":"TAMPAX Compak tampón super plus caja 22 uds","price":"3,69 €","pricePerUnit":"(0,17 €/ud.)","imgUrl":"https://s0.dia.es/medias/h4a/hc7/8882716409886.png"},{"title":"TAMPAX Pearl tampón regular caja 24 uds","price":"4,99 €","pricePerUnit":"(0,21 €/ud.)","imgUrl":"https://s0.dia.es/medias/h03/h1d/8897496481822.png"},{"title":"TAMPAX Pearl tampón super caja 24 uds","price":"4,99 €","pricePerUnit":"(0,21 €/ud.)","imgUrl":"https://s2.dia.es/medias/h84/h1a/8897495433246.png"},{"title":"TAMPAX Pearl tampón super plus caja 24 uds","price":"4,69 €","pricePerUnit":"(0,20 €/ud.)","imgUrl":"https://s2.dia.es/medias/h7b/hf8/9577496248350.jpg"},{"title":"TAMPAX tampones compak regular paquete 36 ud","price":"5,65 €","pricePerUnit":"(0,16 €/ud.)","imgUrl":"https://s0.dia.es/medias/he4/hd7/9089089732638.jpg"},{"title":"TAMPAX tampones compak super paquete 36 ud","price":"5,65 €","pricePerUnit":"(0,16 €/ud.)","imgUrl":"https://s2.dia.es/medias/h7c/he3/9089166344222.jpg"},{"title":"TAMPAX tampón clásico super caja 40 uds","price":"4,49 €","pricePerUnit":"(0,12 €/ud.)","imgUrl":"https://s1.dia.es/medias/h3d/hcc/8859510276126.png"},{"title":"TAMPAX tampón super plus con aplicador caja 18 uds","price":"3,99 €","pricePerUnit":"(3,99 €/ud.)","imgUrl":"https://s2.dia.es/medias/h29/h3c/9096430714910.jpg"}]},"protege-slips":{"categoryUrl":"/compra-online/productos/perfumeria-e-higiene/higiene-intima/protege-slips/c/WEB.010.089.00577","products":[{"title":"BONTE protege slip aloe vera caja 30 uds","price":"1,59 €","pricePerUnit":"(0,05 €/ud.)","imgUrl":"https://s1.dia.es/medias/h2b/h05/9052451700766.jpg"},{"title":"BONTE protege slip clásico normal caja 50 uds","price":"1,02 €","pricePerUnit":"(1,02 €/ud.)","imgUrl":"https://s1.dia.es/medias/h96/hf2/8859437334558.png"},{"title":"BONTE protege slips duoform paquete 30 uds","price":"1,35 €","pricePerUnit":"(1,35 €/ud.)","imgUrl":"https://s0.dia.es/medias/hd0/h78/8855762862110.png"},{"title":"BONTE protege slips maxi caja 52 uds","price":"1,95 €","pricePerUnit":"(1,95 €/ud.)","imgUrl":"https://s1.dia.es/medias/ha8/h40/9052551315486.jpg"},{"title":"BONTE protege slips normal caja 60 uds","price":"1,70 €","pricePerUnit":"(1,70 €/ud.)","imgUrl":"https://s3.dia.es/medias/haf/h3c/9052621733918.jpg"},{"title":"BONTE protege slips plegado normal caja 30 uds","price":"1,50 €","pricePerUnit":"(0,05 €/ud.)","imgUrl":"https://s3.dia.es/medias/hb5/h97/9052641853470.jpg"},{"title":"CAREFREE protege slips flexiconfort cotton fresh caja 20 uds","price":"1,79 €","pricePerUnit":"(0,09 €/ud.)","imgUrl":"https://s0.dia.es/medias/h6c/h0a/9326259732510.jpg"},{"title":"CAREFREE protege slips normal cotton fragancia fresca caja 40 + 4 uds","price":"1,95 €","pricePerUnit":"(1,95 €/ud.)","imgUrl":"https://s1.dia.es/medias/h7c/h33/9369604915230.jpg"},{"title":"CAREFREE protege slips plus long fresh paquete 40 ud","price":"3,09 €","pricePerUnit":"(0,08 €/ud.)","imgUrl":"https://s0.dia.es/medias/hb4/h9c/8833102413854.png"},{"title":"CAREFREE protege slips plus maxi caja 32 + 4 uds","price":"2,09 €","pricePerUnit":"(0,06 €/ud.)","imgUrl":"https://s3.dia.es/medias/h5b/h62/9096370028574.jpg"},{"title":"EVAX Adapt protege slips caja 30 uds","price":"2,29 €","pricePerUnit":"(0,08 €/ud.)","imgUrl":"https://s0.dia.es/medias/hab/ha4/9093865570334.jpg"},{"title":"EVAX Cottonlike protege slips maxi caja 72 uds","price":"4,59 €","pricePerUnit":"(0,06 €/ud.)","imgUrl":"https://s3.dia.es/medias/hc6/h27/9096278016030.jpg"},{"title":"EVAX Cottonlike protege slips normal caja 100 + 10 uds","price":"4,65 €","pricePerUnit":"(4,65 €/ud.)","imgUrl":"https://s0.dia.es/medias/h2e/h78/9096246624286.jpg"},{"title":"EVAX Cottonlike protege slips normal caja 44 + 6 uds","price":"2,39 €","pricePerUnit":"(2,39 €/ud.)","imgUrl":"https://s2.dia.es/medias/h06/h1c/9334647226398.jpg"},{"title":"EVAX Flexibles protege slips normal plegado caja 40 uds","price":"1,99 €","pricePerUnit":"(1,99 €/ud.)","imgUrl":"https://s1.dia.es/medias/ha2/h36/9479094894622.jpg"},{"title":"EVAX protege slips maxi plus caja 30 uds","price":"2,99 €","pricePerUnit":"(0,10 €/ud.)","imgUrl":"https://s3.dia.es/medias/hf4/h7b/9094489866270.jpg"}]},"aseo-intimo":{"categoryUrl":"/compra-online/productos/perfumeria-e-higiene/higiene-intima/aseo-intimo/c/WEB.010.089.00575","products":[{"title":"BONTE gel de higiene íntima botella 500 ml","price":"1,35 €","pricePerUnit":"(2,70 €/l.)","imgUrl":"https://s1.dia.es/medias/h1a/h55/8859378778142.png"},{"title":"BONTE gel de higiene íntima extrasuave para pieles sensibles botella 250 ml","price":"1,15 €","pricePerUnit":"(4,60 €/l.)","imgUrl":"https://s3.dia.es/medias/h66/hb3/8859422130206.png"},{"title":"BONTE toallitas íntimas individuales caja 20 uds","price":"2,00 €","pricePerUnit":"(0,10 €/ud.)","imgUrl":"https://s0.dia.es/medias/ha8/hd7/8860529917982.png"},{"title":"CAREFREE toallitas íntimas con aloe vera bolsa 20 ud","price":"2,89 €","pricePerUnit":"(0,14 €/ud.)","imgUrl":"https://s1.dia.es/medias/haa/ha1/8904925806622.jpg"},{"title":"CHILLY Delicado toallitas íntimas desechables por el wc envase 12 uds","price":"2,59 €","pricePerUnit":"(0,22 €/ud.)","imgUrl":"https://s3.dia.es/medias/h7d/hbe/9119334957086.jpg"},{"title":"CHILLY Gel toallitas íntimas wc fórmula fresca envase 12 uds","price":"2,59 €","pricePerUnit":"(0,22 €/ud.)","imgUrl":"https://s0.dia.es/medias/h28/h41/9119290556446.jpg"},{"title":"CHILLY gel íntimo delicado formula suave bote 250 ml","price":"3,59 €","pricePerUnit":"(14,36 €/l.)","imgUrl":"https://s1.dia.es/medias/h3d/h4b/8963347382302.jpg"},{"title":"CHILLY gel íntimo hidratante bote 200 ml","price":"4,29 €","pricePerUnit":"(21,45 €/l.)","imgUrl":"https://s0.dia.es/medias/h4c/h10/9008559521822.jpg"},{"title":"CHILLY gel íntimo protect bote 250 ml","price":"3,99 €","pricePerUnit":"(15,96 €/l.)","imgUrl":"https://s3.dia.es/medias/h6f/ha8/9096362033182.jpg"},{"title":"DUREX Sensilube gel vaginal hidratante y lubricante bote 40 ml","price":"10,50 €","pricePerUnit":"(262,50 €/l.)","imgUrl":"https://s0.dia.es/medias/hde/hbe/9639100186654.jpg"},{"title":"EROSIL gel de higiene íntima suave dosificador 250 ml","price":"7,15 €","pricePerUnit":"(28,60 €/l.)","imgUrl":"https://s2.dia.es/medias/h59/h4c/9104420896798.jpg"},{"title":"INSTITUTO ESPAÑOL gel de higiene íntima pieles atópicas bote 300 ml","price":"3,99 €","pricePerUnit":"(13,30 €/l.)","imgUrl":"https://s2.dia.es/medias/h62/hf7/9130886955038.jpg"},{"title":"INTIMINA Lily cup compact copa menstrual talla A caja 1 ud","price":"29,95 €","pricePerUnit":"(29,95 €/ud.)","imgUrl":"https://s0.dia.es/medias/hf0/he0/9129198125086.jpg"},{"title":"INTIMINA Lily cup compact copa menstrual talla B caja 1 ud","price":"29,95 €","pricePerUnit":"(29,95 €/ud.)","imgUrl":"https://s1.dia.es/medias/h4b/hd5/9129196159006.jpg"},{"title":"INTIMINA Lily cup copa menstrual talla A caja 1 ud","price":"29,95 €","pricePerUnit":"(29,95 €/ud.)","imgUrl":"https://s0.dia.es/medias/hd2/h9f/9129192816670.jpg"},{"title":"INTIMINA Lily cup copa menstrual talla B caja 1 ud","price":"29,95 €","pricePerUnit":"(29,95 €/ud.)","imgUrl":"https://s1.dia.es/medias/h8e/h0b/9129215557662.jpg"},{"title":"PHARMALINE gel de ducha atopic bote 750 ml","price":"5,25 €","pricePerUnit":"(7,00 €/l.)","imgUrl":"https://s3.dia.es/medias/hb7/h99/9029272403998.jpg"},{"title":"PHARMALINE gel de ducha sensitive bote 750 ml","price":"5,25 €","pricePerUnit":"(7,00 €/l.)","imgUrl":"https://s2.dia.es/medias/hc0/h35/9029232689182.jpg"},{"title":"PHARMALINE gel de higiene íntima aloe vera bote 250 ml","price":"4,35 €","pricePerUnit":"(17,40 €/l.)","imgUrl":"https://s3.dia.es/medias/had/hea/9022657724446.jpg"},{"title":"PHARMALINE gel íntimo dosificador 250 ml","price":"3,55 €","pricePerUnit":"(14,20 €/l.)","imgUrl":"https://s2.dia.es/medias/h3d/he5/9037787103262.jpg"},{"title":"PHARMALINE gel íntimo sensitive dosificador 250 ml","price":"3,55 €","pricePerUnit":"(14,20 €/l.)","imgUrl":"https://s0.dia.es/medias/h9b/h88/9037790052382.jpg"},{"title":"SANEX gel de higiene íntima protectora dosificador 250 ml","price":"3,49 €","pricePerUnit":"(13,96 €/l.)","imgUrl":"https://s2.dia.es/medias/h09/h32/9512209055774.jpg"},{"title":"SANEX gel de higiene íntima sensitive dosificador 250 ml","price":"3,49 €","pricePerUnit":"(13,96 €/l.)","imgUrl":"https://s3.dia.es/medias/h71/h93/9660469641246.jpg"},{"title":"VAGISIL gel hidratante vaginal tubo 30 ml","price":"7,89 €","pricePerUnit":"(263,00 €/l.)","imgUrl":"https://s3.dia.es/medias/h79/he3/9077035532318.jpg"},{"title":"VAGISIL solución higiene íntima odor block bote 2 x 250 ml","price":"6,99 €","pricePerUnit":"(27,96 €/l.)","imgUrl":"https://s0.dia.es/medias/h2c/h31/9077032189982.jpg"}]},"incontinencia":{"categoryUrl":"/compra-online/productos/perfumeria-e-higiene/higiene-intima/incontinencia/c/WEB.010.089.00579","products":[{"title":"AUSONIA Discreet compresas de incontinencia extra paquete 10 uds","price":"4,59 €","pricePerUnit":"(0,46 €/ud.)","imgUrl":"https://s3.dia.es/medias/h5e/h48/9091265003550.jpg"},{"title":"AUSONIA Discreet compresas de incontinencia maxi paquete 12 uds","price":"6,89 €","pricePerUnit":"(6,89 €/ud.)","imgUrl":"https://s1.dia.es/medias/h17/h67/9515723751454.jpg"},{"title":"AUSONIA Discreet compresas de incontinencia mini paquete 20 uds","price":"3,99 €","pricePerUnit":"(0,20 €/ud.)","imgUrl":"https://s1.dia.es/medias/h72/h23/9091124690974.jpg"},{"title":"AUSONIA Discreet compresas de incontinencia normal paquete 12 uds","price":"4,59 €","pricePerUnit":"(0,38 €/ud.)","imgUrl":"https://s2.dia.es/medias/h84/haa/9091124297758.jpg"},{"title":"AUSONIA Discreet protege slips de incontinencia micro paquete 28 uds","price":"3,59 €","pricePerUnit":"(0,13 €/ud.)","imgUrl":"https://s0.dia.es/medias/h1a/h0a/9089159528478.jpg"},{"title":"BONTE pants de incontinencia para adultos talla L unisex paquete 14 uds","price":"10,99 €","pricePerUnit":"(0,79 €/ud.)","imgUrl":"https://s2.dia.es/medias/hb2/h7c/9300129742878.jpg"},{"title":"BONTE pants de incontinencia para adultos talla M unisex paquete 14 uds","price":"10,99 €","pricePerUnit":"(0,79 €/ud.)","imgUrl":"https://s1.dia.es/medias/hd2/h28/9300123844638.jpg"},{"title":"BONTE protector absorbente para cama de adultos 60 x 90 cm bolsa 20 uds","price":"8,49 €","pricePerUnit":"(0,42 €/ud.)","imgUrl":"https://s3.dia.es/medias/h84/hab/8903172849694.png"},{"title":"BONTE toallitas higiene corporal grandes para adultos envase 60 uds","price":"2,59 €","pricePerUnit":"(2,59 €/ud.)","imgUrl":"https://s0.dia.es/medias/he2/h2b/9074785452062.jpg"},{"title":"DEPEND braga incontinencia talla L paquete 9 uds","price":"9,75 €","pricePerUnit":"(1,08 €/ud.)","imgUrl":"https://s3.dia.es/medias/hac/h9a/9110123773982.jpg"},{"title":"DEPEND For men calzoncillo incontinencia talla media paquete 10 uds","price":"9,75 €","pricePerUnit":"(0,98 €/ud.)","imgUrl":"https://s0.dia.es/medias/hb5/h2e/9110137405470.jpg"},{"title":"INDASBED protector de cama absorbente 60x60 cm paquete 20 uds","price":"8,29 €","pricePerUnit":"(0,41 €/ud.)","imgUrl":"https://s2.dia.es/medias/h8a/h57/9082919747614.jpg"},{"title":"INDASEC Dermoseda compresas de incontinencia mini bolsa 20 uds","price":"3,69 €","pricePerUnit":"(0,18 €/ud.)","imgUrl":"https://s3.dia.es/medias/h5e/h5c/9022718640158.jpg"},{"title":"INDASEC Discreet compresas de incontinencia extra bolsa 10 uds","price":"3,69 €","pricePerUnit":"(0,37 €/ud.)","imgUrl":"https://s3.dia.es/medias/h2b/ha5/8894351015966.png"},{"title":"INDASEC Discreet compresas de incontinencia maxi bolsa 15 uds","price":"7,79 €","pricePerUnit":"(0,52 €/ud.)","imgUrl":"https://s0.dia.es/medias/h06/h54/9022723883038.jpg"},{"title":"INDASEC Discreet compresas de incontinencia normal bolsa 12 uds","price":"3,69 €","pricePerUnit":"(0,31 €/ud.)","imgUrl":"https://s1.dia.es/medias/h93/h31/8894291017758.png"},{"title":"INDASEC Discreet Pants de incontinencia plus talla L paquete 12 uds","price":"12,95 €","pricePerUnit":"(1,08 €/ud.)","imgUrl":"https://s1.dia.es/medias/h0d/ha6/9022657069086.jpg"},{"title":"TENA Lady compresas de incontinencia extra paquete 10 uds","price":"4,49 €","pricePerUnit":"(0,45 €/ud.)","imgUrl":"https://s0.dia.es/medias/hf6/hcb/8946101288990.png"},{"title":"TENA Lady compresas de incontinencia maxi night paquete 12 uds","price":"6,99 €","pricePerUnit":"(6,99 €/ud.)","imgUrl":"https://s0.dia.es/medias/h9f/h73/9142733144094.jpg"},{"title":"TENA Lady compresas de incontinencia maxi paquete 12 uds","price":"6,99 €","pricePerUnit":"(0,58 €/ud.)","imgUrl":"https://s2.dia.es/medias/h03/h97/9142736420894.jpg"},{"title":"TENA Lady compresas de incontinencia normal paquete 12 uds","price":"4,49 €","pricePerUnit":"(0,37 €/ud.)","imgUrl":"https://s1.dia.es/medias/h5b/h86/8946077106206.png"},{"title":"TENA Lady compresas de incontinencia ultra mini paquete 28 uds","price":"3,09 €","pricePerUnit":"(0,11 €/ud.)","imgUrl":"https://s2.dia.es/medias/ha1/had/9142736748574.jpg"},{"title":"TENA Lady discreet compresas de incontinencia mini paquete 20 uds","price":"4,29 €","pricePerUnit":"(0,21 €/ud.)","imgUrl":"https://s1.dia.es/medias/he2/h61/9108868497438.jpg"},{"title":"TENA Lady discreet compresas de incontinencia normal paquete 12 uds","price":"4,29 €","pricePerUnit":"(0,36 €/ud.)","imgUrl":"https://s1.dia.es/medias/h29/hce/9077901164574.jpg"},{"title":"TENA Lady pants incontinencia plus talla L paquete 8 uds","price":"9,55 €","pricePerUnit":"(1,19 €/ud.)","imgUrl":"https://s3.dia.es/medias/h73/h17/8946078875678.png"},{"title":"TENA Lady pants incontinencia plus talla M paquete 9 uds","price":"9,55 €","pricePerUnit":"(1,06 €/ud.)","imgUrl":"https://s0.dia.es/medias/h2a/h76/8946085756958.png"}]}},"higiene-sexual":{"name":"Higienesexual","productTypes":["lubricantes","preservativos"],"lubricantes":{"categoryUrl":"/compra-online/productos/perfumeria-e-higiene/higiene-sexual/lubricantes/c/WEB.010.090.00580","products":[{"title":"BONTE gel lubricante up efecto calor bote 75 ml","price":"5,75 €","pricePerUnit":"(76,67 €/l.)","imgUrl":"https://s3.dia.es/medias/h6b/h97/9198684307486.jpg"},{"title":"BONTE gel lubricante up fresa bote 75 ml","price":"5,75 €","pricePerUnit":"(76,67 €/l.)","imgUrl":"https://s3.dia.es/medias/h94/h04/9198720090142.jpg"},{"title":"BONTE gel lubricante íntimo envase 30 ml","price":"2,99 €","pricePerUnit":"(99,67 €/l.)","imgUrl":"https://s0.dia.es/medias/hba/hc3/8859469381662.png"},{"title":"CONTROL lubricante y gel de masaje hidratante mediterraneo 200 ml","price":"10,95 €","pricePerUnit":"(54,75 €/l.)","imgUrl":"https://s1.dia.es/medias/hcf/h73/9432348229662.jpg"},{"title":"DUREX anillo de placer 1 ud","price":"9,95 €","pricePerUnit":"(9,95 €/ud.)","imgUrl":"https://s0.dia.es/medias/h72/h35/9639134461982.jpg"},{"title":"DUREX anillo vibrador estimulante intense orgasmic 1 ud","price":"10,75 €","pricePerUnit":"(10,75 €/ud.)","imgUrl":"https://s3.dia.es/medias/h43/hc9/9639160086558.jpg"},{"title":"DUREX gel lubricante intense orgasmic 10 ml","price":"11,95 €","pricePerUnit":"(1 195,00 €/l.)","imgUrl":"https://s1.dia.es/medias/hdb/h9f/9639193968670.jpg"},{"title":"DUREX lubricante lovers connect caja 120 ml","price":"16,75 €","pricePerUnit":"(139,58 €/l.)","imgUrl":"https://s2.dia.es/medias/h8d/h06/9639184793630.jpg"},{"title":"DUREX lubricante natural intimate tubo 100 ml","price":"11,95 €","pricePerUnit":"(119,50 €/l.)","imgUrl":"https://s0.dia.es/medias/h9c/h19/9639214874654.jpg"},{"title":"DUREX Play 2 en 1 gel de masaje y lubricante íntimo aloe vera 200 ml","price":"11,95 €","pricePerUnit":"(59,75 €/l.)","imgUrl":"https://s3.dia.es/medias/he3/hc8/9633874477086.jpg"},{"title":"DUREX Play anillo vibrador diablillo caja 1 ud","price":"9,95 €","pricePerUnit":"(9,95 €/ud.)","imgUrl":"https://s2.dia.es/medias/hee/hf5/9639378747422.jpg"},{"title":"DUREX PLAY lubricante íntimo efecto calor dosificador 50 ml","price":"10,39 €","pricePerUnit":"(207,80 €/l.)","imgUrl":"https://s1.dia.es/medias/h9d/h7b/9639296827422.jpg"},{"title":"DUREX Play lubricante íntimo fresa pleasure gel bote 50 ml","price":"9,25 €","pricePerUnit":"(185,00 €/l.)","imgUrl":"https://s2.dia.es/medias/h4e/h7e/9639325138974.jpg"},{"title":"DUREX PLAY lubricante íntimo original pleasure gel dosificador  50 ml","price":"10,39 €","pricePerUnit":"(207,80 €/l.)","imgUrl":"https://s2.dia.es/medias/h48/ha3/9639348797470.jpg"}]},"preservativos":{"categoryUrl":"/compra-online/productos/perfumeria-e-higiene/higiene-sexual/preservativos/c/WEB.010.090.00581","products":[{"title":"BONTE preservativos up aloe caja 12 uds","price":"3,55 €","pricePerUnit":"(0,30 €/ud.)","imgUrl":"https://s1.dia.es/medias/h56/h08/9127191805982.jpg"},{"title":"BONTE preservativos up intensity caja 12 uds","price":"3,44 €","pricePerUnit":"(0,29 €/ud.)","imgUrl":"https://s3.dia.es/medias/h9d/h76/9127156088862.jpg"},{"title":"BONTE preservativos up natural sensitive caja 24 uds","price":"6,59 €","pricePerUnit":"(0,27 €/ud.)","imgUrl":"https://s1.dia.es/medias/hc8/h7b/9127035961374.jpg"},{"title":"BONTE preservativos up sabor fresa caja 12 uds","price":"3,95 €","pricePerUnit":"(0,33 €/ud.)","imgUrl":"https://s0.dia.es/medias/h2a/h55/9127015055390.jpg"},{"title":"BONTE preservativos up sensitive caja 12 uds","price":"3,55 €","pricePerUnit":"(0,30 €/ud.)","imgUrl":"https://s3.dia.es/medias/h2f/h33/9126971473950.jpg"},{"title":"CONTROL preservativos finissimo caja 12 uds","price":"8,95 €","pricePerUnit":"(0,75 €/ud.)","imgUrl":"https://s3.dia.es/medias/h42/h14/9042473517086.jpg"},{"title":"CONTROL preservativos nature caja 12 uds","price":"6,99 €","pricePerUnit":"(0,58 €/ud.)","imgUrl":"https://s3.dia.es/medias/haf/h01/9052658434078.jpg"},{"title":"CONTROL preservativos touch & feel caja 12 uds","price":"8,95 €","pricePerUnit":"(0,75 €/ud.)","imgUrl":"https://s3.dia.es/medias/hbd/hf8/9510912327710.jpg"},{"title":"DUREX preservativo mutual climax caja 12 unidades","price":"12,60 €","pricePerUnit":"(1,05 €/ud.)","imgUrl":"https://s0.dia.es/medias/h3a/hf7/9639127187486.jpg"},{"title":"DUREX preservativos dame placer caja 12 unidades","price":"9,99 €","pricePerUnit":"(0,83 €/ud.)","imgUrl":"https://s3.dia.es/medias/h28/h83/9639140687902.jpg"},{"title":"DUREX preservativos intense orgasmic caja 12 uds","price":"14,99 €","pricePerUnit":"(1,25 €/ud.)","imgUrl":"https://s2.dia.es/medias/h36/h4a/9637893341214.jpg"},{"title":"DUREX preservativos natural confort caja 12 unidades","price":"7,15 €","pricePerUnit":"(0,60 €/ud.)","imgUrl":"https://s0.dia.es/medias/h10/h41/9639087603742.jpg"},{"title":"DUREX preservativos pleasurefruits caja 12 uds","price":"9,99 €","pricePerUnit":"(0,83 €/ud.)","imgUrl":"https://s3.dia.es/medias/h09/hb8/9639479214110.jpg"},{"title":"DUREX preservativos real feel caja 12 unidades","price":"10,99 €","pricePerUnit":"(0,92 €/ud.)","imgUrl":"https://s0.dia.es/medias/hf0/h83/9640358150174.jpg"},{"title":"DUREX preservativos red caja 10 uds","price":"5,99 €","pricePerUnit":"(0,60 €/ud.)","imgUrl":"https://s0.dia.es/medias/hcb/hcf/9520182231070.jpg"}]}}},"drogueria-y-limpieza":{"name":"Drogueríaylimpieza","subCategoriesName":["accesorios-limpieza","ambientadores","cerillas-y-mecheros","bolsas-basura-y-reutilizable","conservacion-alimentos","calzado","celulosa","cuidado-ropa-detergente","cuidado-ropa-suavizante","cuidado-ropa-complementos","insecticidas","lavavajillas","limpiadores-para-el-hogar","pilas-y-bombillas","otros-articulos-bazar"],"accesorios-limpieza":{"name":"Accesorioslimpieza","productTypes":["bayetas-y-gamuzas","estropajos","fregonas","guantes","pinzas-ropa","plumero"],"bayetas-y-gamuzas":{"categoryUrl":"/compra-online/productos/drogueria-y-limpieza/accesorios-limpieza/bayetas-y-gamuzas/c/WEB.011.093.00592","products":[{"title":"BALLERINA bayate amarilla super absorbente y extra suave bolsa 3 uds","price":"2,13 €","pricePerUnit":"(0,71 €/ud.)","imgUrl":"https://s3.dia.es/medias/hbc/h8c/9519134539806.jpg"},{"title":"CISNE bayeta microfibra especial cristales tamaño 40 x 50 cm bolsa 1 ud","price":"3,19 €","pricePerUnit":"(3,19 €/ud.)","imgUrl":"https://s2.dia.es/medias/h8b/hf3/8858377650206.png"},{"title":"DIA bayeta absorbente y suave paquete 6 uds","price":"0,89 €","pricePerUnit":"(0,15 €/ud.)","imgUrl":"https://s0.dia.es/medias/hd4/h1f/8961195442206.jpg"},{"title":"DIA bayeta microfibra cristales y espejos bolsa 1 ud","price":"0,90 €","pricePerUnit":"(0,90 €/ud.)","imgUrl":"https://s3.dia.es/medias/h23/h18/8894364516382.png"},{"title":"DIA bayeta microfibra multiusos doble cara bolsa 1 ud","price":"1,08 €","pricePerUnit":"(1,08 €/ud.)","imgUrl":"https://s3.dia.es/medias/h52/h1d/8957643948062.png"},{"title":"DIA bayeta posavajillas 50x40 cm paquete 1 ud","price":"1,19 €","pricePerUnit":"(1,19 €/ud.)","imgUrl":"https://s3.dia.es/medias/he8/hde/8961283653662.jpg"},{"title":"DIA gamuza atrapapolvo paquete 20 uds","price":"1,30 €","pricePerUnit":"(0,07 €/ud.)","imgUrl":"https://s0.dia.es/medias/hb7/ha8/8883824361502.png"},{"title":"LIMPIAMAS bayeta ecológica rizo 1 ud","price":"3,99 €","pricePerUnit":"(3,99 €/ud.)","imgUrl":"https://s0.dia.es/medias/h1f/h47/8856579604510.png"},{"title":"LIMPIAMAS paño especial cristales paquete 1 ud","price":"4,19 €","pricePerUnit":"(4,19 €/ud.)","imgUrl":"https://s1.dia.es/medias/h18/h2d/8857065586718.png"},{"title":"PRONTO gamuzas atrapa polvo paquete 20 uds","price":"5,59 €","pricePerUnit":"(0,28 €/ud.)","imgUrl":"https://s3.dia.es/medias/h1a/h61/8905045344286.jpg"},{"title":"RAYEN mopa micro limpieza 1 ud","price":"15,39 €","pricePerUnit":"(15,39 €/ud.)","imgUrl":"https://s2.dia.es/medias/hdc/h87/8856401805342.png"},{"title":"SPONTEX bayeta microfibra bolsa 8 uds","price":"4,59 €","pricePerUnit":"(0,57 €/ud.)","imgUrl":"https://s2.dia.es/medias/h54/h59/9678816870430.jpg"},{"title":"SPONTEX bayeta microfibra economic 1 ud","price":"1,79 €","pricePerUnit":"(1,79 €/ud.)","imgUrl":"https://s0.dia.es/medias/hc4/hcf/9680463134750.jpg"},{"title":"SPONTEX bayeta microfibra tamaño 38 x 40 cm lote 4 uds","price":"4,25 €","pricePerUnit":"(0,85 €/ud.)","imgUrl":"https://s0.dia.es/medias/hb5/h95/9262222311454.jpg"},{"title":"SPONTEX bayeta multifacil super absorbente bolsa 2 + 1 gratis","price":"1,49 €","pricePerUnit":"(0,50 €/ud.)","imgUrl":"https://s3.dia.es/medias/hee/h67/9678816215070.jpg"},{"title":"VILEDA bayeta escurrevajilla sin gota muy absorvente no se acartona 1 ud","price":"2,19 €","pricePerUnit":"(2,19 €/ud.)","imgUrl":"https://s1.dia.es/medias/h2d/h73/9570867937310.jpg"},{"title":"VILEDA bayeta microfibra especial cristales bolsa 1 ud","price":"2,09 €","pricePerUnit":"(1,05 €/ud.)","imgUrl":"https://s3.dia.es/medias/hbc/h56/9626491093022.jpg"},{"title":"VILEDA bayeta microfibra multiusos lote 4 uds","price":"4,25 €","pricePerUnit":"(1,06 €/ud.)","imgUrl":"https://s3.dia.es/medias/hcc/h72/9570850340894.jpg"},{"title":"VILEDA bayeta microfibra multiusos paquete 2 uds","price":"2,09 €\n\t\t\t\t\t\t\t1,57 €","pricePerUnit":"(1,05 €/ud.)\n\t\t\t\t\t\t\t (0,79 €/ud.)","imgUrl":"https://s3.dia.es/medias/he2/h97/9570871214110.jpg"},{"title":"VILEDA bayeta suave amarilla máxima absorción 2 + 1 gratis","price":"1,85 €","pricePerUnit":"(0,62 €/ud.)","imgUrl":"https://s0.dia.es/medias/hf4/hdc/9570854993950.jpg"}]},"estropajos":{"categoryUrl":"/compra-online/productos/drogueria-y-limpieza/accesorios-limpieza/estropajos/c/WEB.011.093.00593","products":[{"title":"AJAX estropajo jabonoso paquete 7 uds","price":"1,59 €","pricePerUnit":"(0,23 €/ud.)","imgUrl":"https://s0.dia.es/medias/had/h36/9512188411934.jpg"},{"title":"DIA esponja borrador mágico envase 2 uds","price":"1,05 €","pricePerUnit":"(0,53 €/ud.)","imgUrl":"https://s2.dia.es/medias/h40/h3d/9348691329054.jpg"},{"title":"DIA esponja con fibra verde 3 uds","price":"0,99 €","pricePerUnit":"(0,33 €/ud.)","imgUrl":"https://s0.dia.es/medias/hfd/h6f/9127225622558.jpg"},{"title":"DIA estropajo fibra verde paquete 4 uds","price":"0,99 €","pricePerUnit":"(0,25 €/ud.)","imgUrl":"https://s2.dia.es/medias/hbd/h53/9354617552926.jpg"},{"title":"DIA estropajo inox con esponja paquete 1 ud","price":"1,39 €","pricePerUnit":"(1,39 €/ud.)","imgUrl":"https://s2.dia.es/medias/hb0/hbd/9348703485982.jpg"},{"title":"DIA estropajo salvauñas fibra azul especial vitrocerámica 3 uds","price":"0,86 €","pricePerUnit":"(0,29 €/ud.)","imgUrl":"https://s2.dia.es/medias/h75/h65/9127015776286.jpg"},{"title":"DIA estropajo salvauñas fibra blanca para baño paquete 2 uds","price":"0,99 €","pricePerUnit":"(0,50 €/ud.)","imgUrl":"https://s2.dia.es/medias/hb1/hfc/9354607231006.jpg"},{"title":"DIA estropajo salvauñas fibra verde paquete 4 uds","price":"0,97 €","pricePerUnit":"(0,24 €/ud.)","imgUrl":"https://s3.dia.es/medias/h0d/hf9/9354601168926.jpg"},{"title":"DON LIMPIO estropajo borrador mágico 2 en 1 caja 2 uds","price":"2,79 €","pricePerUnit":"(1,40 €/ud.)","imgUrl":"https://s1.dia.es/medias/h1a/h12/8977576099870.jpg"},{"title":"NANAS estropajo niquel paquete 1 ud","price":"1,55 €","pricePerUnit":"(1,55 €/ud.)","imgUrl":"https://s2.dia.es/medias/h56/he1/9512325939230.jpg"},{"title":"SCOCHT BRITE esponja fibra verde paquete 3 uds","price":"2,09 €","pricePerUnit":"(0,70 €/ud.)","imgUrl":"https://s1.dia.es/medias/ha9/h0b/8988907077662.jpg"},{"title":"SCOTCH BRITE estropajo fibra baño paquete 1 ud","price":"1,85 €","pricePerUnit":"(1,85 €/ud.)","imgUrl":"https://s0.dia.es/medias/h59/h2f/9197646250014.jpg"},{"title":"SCOTCH BRITE estropajo fibra verde gigante paquete 3 uds","price":"2,15 €","pricePerUnit":"(0,72 €/ud.)","imgUrl":"https://s3.dia.es/medias/hfe/h14/8988918874142.jpg"},{"title":"SCOTCH BRITE estropajo salvauñas con fibra verde paquete 2 uds","price":"1,52 €","pricePerUnit":"(0,76 €/ud.)","imgUrl":"https://s1.dia.es/medias/h75/h5f/9668388454430.jpg"},{"title":"SPONTEX estropajo acero inoxidable bolsa 2 + 1 gratis","price":"1,59 €","pricePerUnit":"(0,53 €/ud.)","imgUrl":"https://s2.dia.es/medias/h18/h77/9680462479390.jpg"},{"title":"SPONTEX frotaespon estropajo con esponja super absorvente bolsa 2 uds","price":"1,99 €","pricePerUnit":"(1,00 €/ud.)","imgUrl":"https://s1.dia.es/medias/h06/h3b/9678772568094.jpg"},{"title":"VILEDA estropajo de fibra verde 3 uds","price":"1,89 €","pricePerUnit":"(0,63 €/ud.)","imgUrl":"https://s2.dia.es/medias/hb2/hab/9570876686366.jpg"},{"title":"VILEDA estropajo espiral inoxidable 2 + 1 gratis","price":"1,55 €","pricePerUnit":"(0,52 €/ud.)","imgUrl":"https://s2.dia.es/medias/hac/h34/9570854010910.jpg"},{"title":"VILEDA estropajo salvauñas duplo 3 uds","price":"1,99 €","pricePerUnit":"(0,66 €/ud.)","imgUrl":"https://s2.dia.es/medias/h4c/h8a/9570860564510.jpg"},{"title":"VILEDA estropajo salvauñas especial vitroceramica 2 uds","price":"1,79 €","pricePerUnit":"(0,90 €/ud.)","imgUrl":"https://s0.dia.es/medias/h45/hf8/9553398071326.jpg"}]},"fregonas":{"categoryUrl":"/compra-online/productos/drogueria-y-limpieza/accesorios-limpieza/fregonas/c/WEB.011.093.00594","products":[{"title":"CISNE fregona algodón especial 03 paquete 1 ud","price":"1,29 €","pricePerUnit":"(1,29 €/ud.)","imgUrl":"https://s3.dia.es/medias/hf9/h83/8906844307486.jpg"},{"title":"CISNE fregona microfibra 01 paquete 1 ud","price":"3,39 €","pricePerUnit":"(3,39 €/ud.)","imgUrl":"https://s0.dia.es/medias/h11/h7a/9096600977438.jpg"},{"title":"CISNE fregona microfibra paquete 2 uds","price":"4,99 €","pricePerUnit":"(4,99 €/ud.)","imgUrl":"https://s3.dia.es/medias/hed/h44/8858502037534.png"},{"title":"CISNE fregona tiras microfibra paquete 1 ud","price":"4,59 €","pricePerUnit":"(4,59 €/ud.)","imgUrl":"https://s0.dia.es/medias/hec/h83/8857794576414.png"},{"title":"CISNE mopa microfibra recambio 1 ud","price":"4,59 €","pricePerUnit":"(4,59 €/ud.)","imgUrl":"https://s3.dia.es/medias/ha3/h12/9096520302622.jpg"},{"title":"CISNE mopa tamaño 40 cm 1 ud","price":"6,29 €","pricePerUnit":"(6,29 €/ud.)","imgUrl":"https://s1.dia.es/medias/h4a/h1c/9096200585246.jpg"},{"title":"CISNE set fregona microfibra azul + palo 1 ud","price":"3,99 €","pricePerUnit":"(3,99 €/ud.)","imgUrl":"https://s2.dia.es/medias/h0c/hf9/8857936789534.png"},{"title":"DIA escoba básica 1 ud","price":"1,99 €","pricePerUnit":"(1,99 €/ud.)","imgUrl":"https://s3.dia.es/medias/ha6/h82/9378569256990.jpg"},{"title":"DIA fregona amarilla suave y absorbente paquete 1 ud","price":"0,70 €","pricePerUnit":"(0,70 €/ud.)","imgUrl":"https://s3.dia.es/medias/h51/hff/8854883205150.png"},{"title":"DIA fregona de algodón especial para suelos difíciles paquete 1 ud","price":"0,98 €","pricePerUnit":"(0,98 €/ud.)","imgUrl":"https://s2.dia.es/medias/h70/h90/8854894215198.png"},{"title":"DIA fregona estampada super resistente paquete 1 ud","price":"1,19 €","pricePerUnit":"(1,19 €/ud.)","imgUrl":"https://s2.dia.es/medias/hb3/ha7/8835117613086.png"},{"title":"DIA fregona hilo microfibras especial para suelos delicados paquete 1 ud","price":"1,60 €","pricePerUnit":"(1,60 €/ud.)","imgUrl":"https://s0.dia.es/medias/h45/hdc/8872695201822.png"},{"title":"DIA fregona tiras microfibra paquete 1 ud","price":"2,99 €","pricePerUnit":"(2,99 €/ud.)","imgUrl":"https://s0.dia.es/medias/h91/hef/8874648535070.png"},{"title":"LIMPIAMAS fregona ecológica abanico paquete 1 ud","price":"6,99 €","pricePerUnit":"(6,99 €/ud.)","imgUrl":"https://s3.dia.es/medias/h82/h3c/8856517738526.png"},{"title":"LIMPIAMAS fregona tiras ecológicas paquete 1 ud","price":"6,99 €","pricePerUnit":"(6,99 €/ud.)","imgUrl":"https://s2.dia.es/medias/h27/h98/8857001361438.png"},{"title":"MERY fregona 100 % microfibras paquete 1 ud","price":"3,99 €","pricePerUnit":"(3,99 €/ud.)","imgUrl":"https://s2.dia.es/medias/h4b/h0d/8857886457886.png"},{"title":"RAYEN mopa micro limpieza 1 ud","price":"15,39 €","pricePerUnit":"(15,39 €/ud.)","imgUrl":"https://s2.dia.es/medias/hdc/h87/8856401805342.png"},{"title":"SPONTEX mopa microfibra recambio 1 ud","price":"5,99 €","pricePerUnit":"(5,99 €/ud.)","imgUrl":"https://s0.dia.es/medias/h96/he4/9680300441630.jpg"},{"title":"SPONTEX mopa microfibra set 1 ud","price":"9,99 €","pricePerUnit":"(9,99 €/ud.)","imgUrl":"https://s1.dia.es/medias/hbc/h1b/9680303390750.jpg"},{"title":"SWIFFER mopa atrapa polvo en seco recambio caja 20 uds","price":"3,99 €","pricePerUnit":"(0,20 €/ud.)","imgUrl":"https://s1.dia.es/medias/ha3/h0e/9545277931550.jpg"},{"title":"VILEDA cepillo de escoba 3 en 1 antichoque","price":"4,29 €","pricePerUnit":"(4,29 €/ud.)","imgUrl":"https://s2.dia.es/medias/hfd/h09/8889372573726.jpg"},{"title":"VILEDA cubo escurre fácil 1 ud","price":"9,95 €","pricePerUnit":"(9,95 €/ud.)","imgUrl":"https://s3.dia.es/medias/hfa/h6a/9209288687646.jpg"},{"title":"VILEDA fregona rosa 100 % microfibras paquete 1 ud","price":"3,20 €","pricePerUnit":"(3,20 €/ud.)","imgUrl":"https://s3.dia.es/medias/hdb/h5d/9197680984094.jpg"},{"title":"VILEDA fregona super 100 % microfibra azul recambio paquete 1 ud","price":"2,40 €","pricePerUnit":"(2,40 €/ud.)","imgUrl":"https://s1.dia.es/medias/h62/hb3/9197689176094.jpg"},{"title":"VILEDA fregona supersuave amarilla paquete 1 ud","price":"2,19 €","pricePerUnit":"(2,19 €/ud.)","imgUrl":"https://s1.dia.es/medias/h45/h7f/9197659684894.jpg"},{"title":"VILEDA mopa fácil recambio 1 ud","price":"8,99 €","pricePerUnit":"(8,99 €/ud.)","imgUrl":"https://s0.dia.es/medias/h9c/h71/9197656080414.jpg"},{"title":"VILEDA palo rojo universal 1 ud","price":"2,99 €","pricePerUnit":"(2,99 €/ud.)","imgUrl":"https://s3.dia.es/medias/hb3/h5d/8976173072414.jpg"},{"title":"VILEDA set mopa fácil 1 ud","price":"16,79 €","pricePerUnit":"(16,79 €/ud.)","imgUrl":"https://s2.dia.es/medias/hdb/h51/9197639630878.jpg"}]},"guantes":{"categoryUrl":"/compra-online/productos/drogueria-y-limpieza/accesorios-limpieza/guantes/c/WEB.011.093.00595","products":[{"title":"DIA guantes satinados talla 6 bolsa 1 par","price":"1,15 €","pricePerUnit":"(1,15 €/ud.)","imgUrl":"https://s2.dia.es/medias/h73/h2c/9007406252062.jpg"},{"title":"DIA guantes satinados talla 7 bolsa 1 par","price":"1,19 €","pricePerUnit":"(0,60 €/ud.)","imgUrl":"https://s3.dia.es/medias/h15/hd5/8833144356894.png"},{"title":"SPONTEX guantes de látex natural talla M caja 40 + 10 uds","price":"4,99 €","pricePerUnit":"(0,10 €/ud.)","imgUrl":"https://s2.dia.es/medias/h95/h94/9678751793182.jpg"},{"title":"SPONTEX guantes de látex natural talla S caja 40 + 10 uds","price":"4,99 €","pricePerUnit":"(0,10 €/ud.)","imgUrl":"https://s1.dia.es/medias/h92/h1f/9650216304670.jpg"},{"title":"SPONTEX guantes especial vajilla talla M bolsa 1 par","price":"1,99 €","pricePerUnit":"(1,99 €/ud.)","imgUrl":"https://s3.dia.es/medias/h00/h75/9680464445470.jpg"},{"title":"SPONTEX guantes especial vajilla talla S bolsa 1 par","price":"1,99 €","pricePerUnit":"(1,99 €/ud.)","imgUrl":"https://s0.dia.es/medias/hb1/h16/9259494637598.jpg"},{"title":"SPONTEX guantes segunda piel talla mediana bolsa 2 uds","price":"2,99 €","pricePerUnit":"(2,99 €/ud.)","imgUrl":"https://s3.dia.es/medias/h30/h2f/9680348479518.jpg"},{"title":"SPONTEX guantes segunda piel talla S bolsa 1 par","price":"3,29 €","pricePerUnit":"(3,29 €/ud.)","imgUrl":"https://s3.dia.es/medias/he8/hbb/9680299720734.jpg"},{"title":"SPONTEX guantes triple capa talla 7 bolsa 1 par","price":"1,99 €","pricePerUnit":"(1,99 €/ud.)","imgUrl":"https://s3.dia.es/medias/h4a/h42/9680347168798.jpg"},{"title":"VILEDA guantes sensibles aroma vainilla talla M bolsa 1 par","price":"1,99 €","pricePerUnit":"(1,99 €/ud.)","imgUrl":"https://s1.dia.es/medias/h6f/h46/9570830811166.jpg"},{"title":"VILEDA guantes sensibles aroma vainilla talla S bolsa 1 par","price":"1,99 €","pricePerUnit":"(1,99 €/ud.)","imgUrl":"https://s2.dia.es/medias/haf/h90/9570864168990.jpg"}]},"pinzas-ropa":{"categoryUrl":"/compra-online/productos/drogueria-y-limpieza/accesorios-limpieza/pinzas-ropa/c/WEB.011.093.00591","products":[{"title":"DIA pinzas de plástico para la ropa paquete 24 uds","price":"0,95 €","pricePerUnit":"(0,95 €/ud.)","imgUrl":"https://s1.dia.es/medias/ha5/h57/8835104505886.png"},{"title":"UNIC pinzas de madera para la ropa paquete 24 uds","price":"1,10 €","pricePerUnit":"(1,10 €/ud.)","imgUrl":"https://s1.dia.es/medias/hff/hdd/9093822119966.jpg"}]},"plumero":{"categoryUrl":"/compra-online/productos/drogueria-y-limpieza/accesorios-limpieza/plumero/c/WEB.011.093.00596","products":[{"title":"DIA plumero atrapapolvo microfibra aparato + 3 recambios","price":"1,69 €","pricePerUnit":"(1,69 €/ud.)","imgUrl":"https://s1.dia.es/medias/hc3/hda/8894297309214.png"},{"title":"DIA plumero atrapapolvo microfibra recambios 5 uds","price":"1,67 €","pricePerUnit":"(0,33 €/ud.)","imgUrl":"https://s0.dia.es/medias/h40/he3/8894466228254.png"},{"title":"PRONTO plumero aparato + 2 recambios","price":"4,59 €","pricePerUnit":"(4,59 €/ud.)","imgUrl":"https://s3.dia.es/medias/hd2/ha4/8945749098526.png"},{"title":"PRONTO plumero atrapa polvo recambio pack 5 uds","price":"4,99 €","pricePerUnit":"(1,00 €/ud.)","imgUrl":"https://s2.dia.es/medias/h80/hb6/8853654962206.png"}]}},"ambientadores":{"name":"Ambientadores","productTypes":["aerosol-spray","continuos-y-decorativos","electricos-y-automaticos","antihumedad","para-coche-y-espacios-pequenos"],"aerosol-spray":{"categoryUrl":"/compra-online/productos/drogueria-y-limpieza/ambientadores/aerosol-spray/c/WEB.011.094.00597","products":[{"title":"AIRWICK ambientador automático fresh matic frescor ropa recambio 1 ud","price":"3,69 €","pricePerUnit":"(3,69 €/ud.)","imgUrl":"https://s0.dia.es/medias/h61/hd9/9651342311454.jpg"},{"title":"AIRWICK ambientador automático fresh matic lirio de luna recambio 1 ud","price":"4,46 €","pricePerUnit":"(4,46 €/ud.)","imgUrl":"https://s1.dia.es/medias/h3c/h45/9623670554654.jpg"},{"title":"AIRWICK ambientador automático fresh matic nenuco recambio 1 ud","price":"3,69 €","pricePerUnit":"(3,69 €/ud.)","imgUrl":"https://s2.dia.es/medias/h4c/h24/9603810263070.jpg"},{"title":"AIRWICK ambientador automático fresh matic white bouquet recambio 1 ud","price":"3,69 €","pricePerUnit":"(3,69 €/ud.)","imgUrl":"https://s0.dia.es/medias/h9a/h82/9635668394014.jpg"},{"title":"AIRWICK ambientador freshmatic flores blancas recambio 2 uds","price":"6,99 €","pricePerUnit":"(3,50 €/ud.)","imgUrl":"https://s0.dia.es/medias/h1e/h16/9647272787998.jpg"},{"title":"AIRWICK ambientador freshmatic nenuco recambio 2 uds","price":"6,99 €","pricePerUnit":"(3,50 €/ud.)","imgUrl":"https://s3.dia.es/medias/h0f/h6d/9623721738270.jpg"},{"title":"AIRWICK ambientador nenuco 1 ud","price":"3,70 €","pricePerUnit":"(10,72 €/l.)","imgUrl":"https://s2.dia.es/medias/h0c/hf9/9601757151262.jpg"},{"title":"AIRWICK ambientador pure flor frescor ropa limpia spray 250 ml","price":"3,95 €","pricePerUnit":"(15,80 €/l.)","imgUrl":"https://s1.dia.es/medias/h4d/hac/9601605468190.jpg"},{"title":"AIRWICK ambientador pure flores de cerezo de asia spray 250 ml","price":"3,95 €","pricePerUnit":"(3,95 €/ud.)","imgUrl":"https://s3.dia.es/medias/h8d/h42/9601894449182.jpg"},{"title":"AIRWICK ambientador pure nenuco frescor de colonia spray 250 ml","price":"3,95 €","pricePerUnit":"(15,80 €/l.)","imgUrl":"https://s2.dia.es/medias/hbe/h07/9601569619998.jpg"},{"title":"ASEVI ambientador brisa spray 400 ml","price":"1,99 €","pricePerUnit":"(4,98 €/l.)","imgUrl":"https://s1.dia.es/medias/hdb/hd1/9034135273502.jpg"},{"title":"CAMPERO ambientador aroma talco de bebé spray 400 ml","price":"1,05 €","pricePerUnit":"(3,50 €/l.)","imgUrl":"https://s2.dia.es/medias/h45/h9d/8858391281694.png"},{"title":"COOPERMATIC Platinum ambientador aroma de paris spray 250 ml","price":"2,39 €","pricePerUnit":"(9,56 €/l.)","imgUrl":"https://s0.dia.es/medias/h67/h4d/9680293494814.jpg"},{"title":"COOPERMATIC Platinum ambientador aroma n.r. for home spray 250 ml","price":"2,39 €","pricePerUnit":"(9,56 €/l.)","imgUrl":"https://s1.dia.es/medias/hdc/h45/9680294805534.jpg"},{"title":"DIA ambientador automático aroma colonia infantil recambio 250 ml","price":"1,99 €","pricePerUnit":"(7,96 €/l.)","imgUrl":"https://s2.dia.es/medias/hf2/h0e/8825549160478.png"},{"title":"DIA ambientador automático aroma floral recambio 250 ml","price":"1,99 €","pricePerUnit":"(7,96 €/l.)","imgUrl":"https://s0.dia.es/medias/h61/hf1/8825518751774.png"},{"title":"DIA ambientador automático aroma frescor recambio 250 ml","price":"1,99 €","pricePerUnit":"(7,96 €/l.)","imgUrl":"https://s2.dia.es/medias/h24/h82/8825648250910.png"},{"title":"DIA ambientador automático aroma lavanda recambio 250 ml","price":"1,99 €","pricePerUnit":"(7,96 €/l.)","imgUrl":"https://s3.dia.es/medias/h3a/h45/9100212174878.jpg"},{"title":"DIA ambientador automático zen spray 250 ml","price":"2,19 €","pricePerUnit":"(8,76 €/l.)","imgUrl":"https://s0.dia.es/medias/h05/he0/8875649040414.png"},{"title":"DIA ambientador magnolia y cherry pistola 250 ml","price":"2,95 €","pricePerUnit":"(11,80 €/l.)","imgUrl":"https://s2.dia.es/medias/h0e/h02/9110072983582.jpg"},{"title":"DIA ambientador neutralizador aroma vainilla spray 300 ml","price":"0,97 €","pricePerUnit":"(3,23 €/l.)","imgUrl":"https://s1.dia.es/medias/hbf/hda/8961350762526.jpg"},{"title":"DIA ambientador talco pistola 250 ml","price":"2,95 €","pricePerUnit":"(11,80 €/l.)","imgUrl":"https://s0.dia.es/medias/h90/hbc/9110039494686.jpg"},{"title":"GLADE BY BRISE ambientador bali & jazmín spray 300 ml","price":"2,03 €","pricePerUnit":"(6,77 €/l.)","imgUrl":"https://s2.dia.es/medias/h03/h46/8901769789470.jpg"},{"title":"GLADE BY BRISE ambientador sense&spray lavanda aparato 1 ud","price":"4,89 €","pricePerUnit":"(4,89 €/ud.)","imgUrl":"https://s3.dia.es/medias/h59/h2e/9091216375838.jpg"},{"title":"GLADE BY BRISE ambientador sense&spray relax zen recambio 1 ud","price":"3,56 €","pricePerUnit":"(3,56 €/ud.)","imgUrl":"https://s0.dia.es/medias/h43/he8/9158083379230.jpg"},{"title":"GLADE BY BRISE ambientador un toque lavanda aparato + 2 recambios","price":"2,81 €","pricePerUnit":"(2,81 €/ud.)","imgUrl":"https://s2.dia.es/medias/h94/h59/9248218120222.jpg"},{"title":"GLADE BY BRISE ambientador un toque lavanda recambio 3 uds","price":"5,15 €","pricePerUnit":"(1,72 €/ud.)","imgUrl":"https://s3.dia.es/medias/ha1/haa/9248228605982.jpg"},{"title":"GLADE BY BRISE ambientador un toque peonía y cereza recambio 3 uds","price":"5,09 €","pricePerUnit":"(2,55 €/ud.)","imgUrl":"https://s2.dia.es/medias/h63/hf0/9248250626078.jpg"},{"title":"GLADE BY BRISE ambientador un toque relax zen recambio 3 uds","price":"5,09 €","pricePerUnit":"(1,70 €/ud.)","imgUrl":"https://s3.dia.es/medias/h7d/h94/9175941513246.jpg"},{"title":"MAYORDOMO ambientador automático aroma esencia de andalucía spray 335 ml","price":"2,25 €","pricePerUnit":"(6,72 €/l.)","imgUrl":"https://s3.dia.es/medias/h43/h0c/9513904767006.jpg"},{"title":"MAYORDOMO ambientador automático aroma esencia de tahití spray 335 ml","price":"2,25 €","pricePerUnit":"(6,72 €/l.)","imgUrl":"https://s2.dia.es/medias/h3e/hff/9513906077726.jpg"},{"title":"MAYORDOMO ambientador automático aroma flores blancas spray 335 ml","price":"2,25 €","pricePerUnit":"(6,72 €/l.)","imgUrl":"https://s2.dia.es/medias/hcb/h52/9513909026846.jpg"},{"title":"MAYORDOMO ambientador automático aroma frescor infantil spray 335 ml","price":"2,25 €","pricePerUnit":"(6,72 €/l.)","imgUrl":"https://s2.dia.es/medias/h35/h25/9513917120542.jpg"},{"title":"MAYORDOMO ambientador automático aroma frescor spa spray 335 ml","price":"2,25 €","pricePerUnit":"(6,72 €/l.)","imgUrl":"https://s1.dia.es/medias/h3d/h87/9513914171422.jpg"},{"title":"NIVEA Men desodorante invisible for black&white formato viaje spray 35 ml","price":"1,50 €","pricePerUnit":"(42,86 €/l.)","imgUrl":"https://s2.dia.es/medias/h85/hb3/8857100714014.png"},{"title":"OUST ambientador eliminador de olores frescor verde spray 300 ml","price":"2,49 €","pricePerUnit":"(8,30 €/l.)","imgUrl":"https://s1.dia.es/medias/h1b/h99/8903906099230.jpg"},{"title":"PR ambientador fragancia fresca pistola 1 lt","price":"3,29 €","pricePerUnit":"(3,29 €/l.)","imgUrl":"https://s1.dia.es/medias/hc4/hb9/8857843925022.png"},{"title":"PR ambientador fragancia fresca recambio pistola 1 lt","price":"3,15 €","pricePerUnit":"(3,15 €/l.)","imgUrl":"https://s0.dia.es/medias/h8b/h0c/9234059624478.jpg"}]},"continuos-y-decorativos":{"categoryUrl":"/compra-online/productos/drogueria-y-limpieza/ambientadores/continuos-y-decorativos/c/WEB.011.094.00599","products":[{"title":"AMBIENT AIR vela ambientador antitabaco caja 1 ud","price":"1,59 €","pricePerUnit":"(1,59 €/ud.)","imgUrl":"https://s0.dia.es/medias/h18/h50/9139890585630.jpg"},{"title":"DIA ambientador flor de rosa perfumada 1 ud","price":"2,99 €","pricePerUnit":"(33,22 €/l.)","imgUrl":"https://s2.dia.es/medias/h6d/h90/9601698725918.jpg"},{"title":"DIA ambientador flor gardenia perfumada 1 ud","price":"2,99 €","pricePerUnit":"(33,22 €/l.)","imgUrl":"https://s1.dia.es/medias/h64/h96/8872784461854.png"},{"title":"DIA ambientador mecha decorativa aroma lavanda caja 1 ud","price":"2,13 €","pricePerUnit":"(28,40 €/l.)","imgUrl":"https://s0.dia.es/medias/h25/h36/9561307086878.jpg"},{"title":"DIA ambientador mikado dama de noche 40 ml","price":"1,79 €","pricePerUnit":"(44,75 €/l.)","imgUrl":"https://s2.dia.es/medias/hc3/h2d/9388752109598.jpg"},{"title":"DIA ambientador mikado flor de azahar 40 ml","price":"1,99 €","pricePerUnit":"(49,75 €/l.)","imgUrl":"https://s3.dia.es/medias/h50/hd3/9165517619230.jpg"},{"title":"DIA ambientador mikado frutas del bosque 40 ml","price":"1,99 €","pricePerUnit":"(49,75 €/l.)","imgUrl":"https://s0.dia.es/medias/hb1/h04/9165516374046.jpg"},{"title":"DIA ambientador mikado vainilla lima 40 ml","price":"1,99 €","pricePerUnit":"(49,75 €/l.)","imgUrl":"https://s2.dia.es/medias/hf6/h6f/9388775342110.jpg"},{"title":"DIA ambientador multiusos forest fruits 1 ud","price":"1,79 €","pricePerUnit":"(127,86 €/Kg.)","imgUrl":"https://s3.dia.es/medias/h48/h40/9158111559710.jpg"},{"title":"DIA vela ambientador vainilla chocolate equilibrio caja 1 ud","price":"1,65 €","pricePerUnit":"(1,65 €/ud.)","imgUrl":"https://s3.dia.es/medias/h78/h10/8853801959454.png"},{"title":"FRESHWAVE gel neutralizador de olores tarro 400 gr","price":"9,90 €","pricePerUnit":"(24,75 €/Kg.)","imgUrl":"https://s0.dia.es/medias/h1a/h51/9250453749790.jpg"},{"title":"FROSCH ambientador en varitas aroma granada 65 ml","price":"5,79 €","pricePerUnit":"(89,08 €/l.)","imgUrl":"https://s2.dia.es/medias/hd9/h77/9096377892894.jpg"},{"title":"FROSCH ambientador en varitas aroma lavanda 65 ml","price":"5,79 €","pricePerUnit":"(89,08 €/l.)","imgUrl":"https://s3.dia.es/medias/hac/he2/9091103391774.jpg"},{"title":"LACROSSE ambientador mikado white musk 50 ml","price":"7,99 €","pricePerUnit":"(159,80 €/l.)","imgUrl":"https://s0.dia.es/medias/h93/h94/9025541046302.jpg"},{"title":"NATURAL FRAGANCES ambientador mikado dama de noche 100 ml","price":"4,35 €","pricePerUnit":"(43,50 €/l.)","imgUrl":"https://s1.dia.es/medias/h61/hff/9561288343582.jpg"},{"title":"NATURAL FRAGANCES ambientador mikado dama de noche 50 ml","price":"2,75 €","pricePerUnit":"(55,00 €/l.)","imgUrl":"https://s1.dia.es/medias/h85/h56/9100270960670.jpg"},{"title":"NATURAL FRAGANCES ambientador mikado frutos rojos 100 ml","price":"4,35 €","pricePerUnit":"(43,50 €/l.)","imgUrl":"https://s0.dia.es/medias/h00/h95/9483823218718.jpg"},{"title":"NATURAL FRAGANCES ambientador mikado frutos rojos 50 ml","price":"2,75 €","pricePerUnit":"(55,00 €/l.)","imgUrl":"https://s3.dia.es/medias/h35/h22/9483451629598.jpg"},{"title":"NATURAL FRAGANCES ambientador mikado oceano 50 ml","price":"2,75 €","pricePerUnit":"(55,00 €/l.)","imgUrl":"https://s1.dia.es/medias/had/ha6/9483270291486.jpg"},{"title":"SPEZIATTO vela ambientador estimulante caja 1 ud","price":"1,65 €","pricePerUnit":"(1,65 €/ud.)","imgUrl":"https://s0.dia.es/medias/h65/h99/8853644410910.png"}]},"electricos-y-automaticos":{"categoryUrl":"/compra-online/productos/drogueria-y-limpieza/ambientadores/electricos-y-automaticos/c/WEB.011.094.00600","products":[{"title":"AIRWICK aceite esencial de lavanda recambio 1 ud","price":"4,99 €","pricePerUnit":"(4,99 €/ud.)","imgUrl":"https://s3.dia.es/medias/h11/h2c/9601624014878.jpg"},{"title":"AIRWICK aceite esencial explosión cítrica aparato + recambio 1 ud","price":"15,10 €","pricePerUnit":"(15,10 €/ud.)","imgUrl":"https://s2.dia.es/medias/hf6/hab/9619001507870.jpg"},{"title":"AIRWICK aceite esencial explosión cítrica recambio 1 ud","price":"4,99 €","pricePerUnit":"(4,99 €/ud.)","imgUrl":"https://s3.dia.es/medias/hc4/h92/9601555300382.jpg"},{"title":"AIRWICK ambientador eléctrico flores blancas recambio 1 ud","price":"4,40 €","pricePerUnit":"(4,40 €/ud.)","imgUrl":"https://s0.dia.es/medias/hd9/h80/9635765616670.jpg"},{"title":"AIRWICK ambientador eléctrico frescor de ropa limpia recambio 1 ud","price":"4,40 €","pricePerUnit":"(4,40 €/ud.)","imgUrl":"https://s0.dia.es/medias/h08/h67/9601669955614.jpg"},{"title":"AIRWICK ambientador eléctrico lirio de luna recambio 1 ud","price":"4,45 €","pricePerUnit":"(4,45 €/ud.)","imgUrl":"https://s1.dia.es/medias/h78/h40/9607929561118.jpg"},{"title":"AIRWICK ambientador eléctrico nenuco aparato + recambio 1 ud","price":"5,75 €","pricePerUnit":"(5,75 €/ud.)","imgUrl":"https://s0.dia.es/medias/h5e/h22/9601557102622.jpg"},{"title":"AIRWICK ambientador eléctrico nenuco recambio 1 ud","price":"4,40 €","pricePerUnit":"(4,40 €/ud.)","imgUrl":"https://s1.dia.es/medias/hbc/h8b/9601688371230.jpg"},{"title":"AIRWICK Life escents ambientador eléctrico oasis turquesa recambio 1 ud","price":"5,20 €","pricePerUnit":"(5,20 €/ud.)","imgUrl":"https://s2.dia.es/medias/h51/hd0/9601651867678.jpg"},{"title":"AIRWICK Life escents ambientador freshmatic delicias de verano recambio 1 ud","price":"5,25 €","pricePerUnit":"(5,25 €/ud.)","imgUrl":"https://s1.dia.es/medias/h6f/hcd/9603789520926.jpg"},{"title":"AMBI PUR ambientador eléctrico 3volution aire fresco recambio 1 ud","price":"4,40 €","pricePerUnit":"(4,40 €/ud.)","imgUrl":"https://s1.dia.es/medias/h15/hbe/9002893312030.jpg"},{"title":"AMBI PUR ambientador eléctrico 3volution flores elegantes recambio 1 ud","price":"5,15 €","pricePerUnit":"(5,15 €/ud.)","imgUrl":"https://s1.dia.es/medias/h97/h7f/9096574435358.jpg"},{"title":"AMBI PUR ambientador eléctrico 3volution tatami japonés recambio 1 ud","price":"4,40 €","pricePerUnit":"(4,40 €/ud.)","imgUrl":"https://s1.dia.es/medias/he9/hf6/9091260088350.jpg"},{"title":"AMBI PUR ambientador eléctrico aroma aire fresco aparato + recambio 1 ud","price":"5,83 €","pricePerUnit":"(5,83 €/ud.)","imgUrl":"https://s1.dia.es/medias/h9c/h32/8888192401438.jpg"},{"title":"AMBI PUR ambientador eléctrico aroma aire fresco recambio 1 ud","price":"3,25 €","pricePerUnit":"(3,25 €/ud.)","imgUrl":"https://s2.dia.es/medias/hb1/h07/9091217096734.jpg"},{"title":"AMBI PUR ambientador eléctrico aroma flores elegantes recambio 1 ud","price":"3,25 €","pricePerUnit":"(3,25 €/ud.)","imgUrl":"https://s1.dia.es/medias/h0c/h4e/9091161063454.jpg"},{"title":"AMBI PUR ambientador eléctrico aroma lavanda recambio 1 ud","price":"3,25 €","pricePerUnit":"(3,25 €/ud.)","imgUrl":"https://s3.dia.es/medias/h85/h27/9100249989150.jpg"},{"title":"AMBI PUR ambientador eléctrico aroma tatami japonés aparato + recambio 1 ud","price":"7,69 €","pricePerUnit":"(7,69 €/ud.)","imgUrl":"https://s2.dia.es/medias/h23/h9f/8883783729182.png"},{"title":"AMBI PUR ambientador eléctrico aroma tatami japonés recambio 1 ud","price":"3,25 €","pricePerUnit":"(3,25 €/ud.)","imgUrl":"https://s2.dia.es/medias/hae/hf5/9091247702046.jpg"},{"title":"GLADE ambientador relaxing zen aparato + recambio 1 ud","price":"2,99 €","pricePerUnit":"(2,99 €/ud.)","imgUrl":"https://s0.dia.es/medias/hee/h39/9096196325406.jpg"},{"title":"GLADE BY BRISE ambientador sense&spray lavanda & jazmín recambio 1 ud","price":"3,56 €","pricePerUnit":"(197,78 €/l.)","imgUrl":"https://s2.dia.es/medias/h63/h35/9158095568926.jpg"},{"title":"GLADE BY BRISE Discreet ambientador aroma relax zen 2 uds","price":"4,75 €","pricePerUnit":"(4,75 €/ud.)","imgUrl":"https://s0.dia.es/medias/h74/hba/8946147557406.png"},{"title":"GLADE BY BRISE Discreet ambientador frescor de ropa recambio 1 ud","price":"2,85 €","pricePerUnit":"(2,85 €/ud.)","imgUrl":"https://s2.dia.es/medias/hc0/h45/9091170959390.jpg"},{"title":"GLADE BY BRISE Discreet ambientador lavanda & jazmín aparato+recambio 1 ud","price":"3,87 €","pricePerUnit":"(3,87 €/ud.)","imgUrl":"https://s1.dia.es/medias/had/h87/9158084362270.jpg"},{"title":"GLADE BY BRISE Discreet ambientador lavanda & jazmín recambio 1 ud","price":"2,85 €","pricePerUnit":"(2,85 €/ud.)","imgUrl":"https://s3.dia.es/medias/hb3/h32/9158107496478.jpg"},{"title":"GLADE BY BRISE Discreet ambientador peonia y cereza recambio 1 ud","price":"2,85 €","pricePerUnit":"(2,85 €/ud.)","imgUrl":"https://s2.dia.es/medias/h23/hc0/9175953801246.jpg"},{"title":"GLADE BY BRISE Discreet ambientador relax zen recambio 1 ud","price":"2,85 €","pricePerUnit":"(2,85 €/ud.)","imgUrl":"https://s0.dia.es/medias/h3f/h52/9158101532702.jpg"},{"title":"KILL PAFF ambientador eléctrico aroma lavanda recambio 1 ud","price":"3,25 €","pricePerUnit":"(3,25 €/ud.)","imgUrl":"https://s2.dia.es/medias/h72/he9/9572807311390.jpg"},{"title":"KILL PAFF ambientador eléctrico aroma paraiso difusor + recambio 1 ud","price":"4,99 €","pricePerUnit":"(2,50 €/ud.)","imgUrl":"https://s3.dia.es/medias/hda/hfc/9571991191582.jpg"},{"title":"KILL PAFF ambientador eléctrico aroma paraiso recambio 1 ud","price":"3,25 €","pricePerUnit":"(3,25 €/ud.)","imgUrl":"https://s2.dia.es/medias/h8b/hc7/9572722606110.jpg"},{"title":"KILL PAFF ambientador eléctrico aroma rosas recambio 1 ud","price":"3,25 €","pricePerUnit":"(3,25 €/ud.)","imgUrl":"https://s1.dia.es/medias/h7f/heb/9572773822494.jpg"}]},"antihumedad":{"categoryUrl":"/compra-online/productos/drogueria-y-limpieza/ambientadores/antihumedad/c/WEB.011.094.00598","products":[{"title":"DIA antihumedad aroma cítrico recambio 1 ud","price":"2,03 €","pricePerUnit":"(2,03 €/ud.)","imgUrl":"https://s0.dia.es/medias/h8c/h8a/9388741132318.jpg"},{"title":"DIA antihumedad aroma lavanda aparato + recambio 1 ud","price":"3,35 €","pricePerUnit":"(3,35 €/ud.)","imgUrl":"https://s2.dia.es/medias/hf9/hba/9388779601950.jpg"},{"title":"DIA antihumedad aroma lavanda recambio 1 ud","price":"2,03 €","pricePerUnit":"(2,03 €/ud.)","imgUrl":"https://s1.dia.es/medias/hc3/hfd/9388746866718.jpg"},{"title":"HUMYDRY ambientador antihumedad 2 en 1 aroma lavanda recambio 3 uds","price":"3,99 €","pricePerUnit":"(1,33 €/ud.)","imgUrl":"https://s3.dia.es/medias/h23/h71/8857112248350.png"},{"title":"HUMYDRY ambientador antihumedad 2en1 aroma lavanda aparato + recambio 1 ud","price":"3,99 €","pricePerUnit":"(2,00 €/ud.)","imgUrl":"https://s3.dia.es/medias/h56/hdf/8857127452702.png"},{"title":"HUMYDRY ambientador antihumedad aroma limón recambio 3 uds","price":"3,99 €","pricePerUnit":"(3,99 €/ud.)","imgUrl":"https://s1.dia.es/medias/h6e/h6b/8954930692126.png"},{"title":"HUMYDRY Premium 450 ambientador anti humedad recambio 3 uds","price":"7,85 €","pricePerUnit":"(7,85 €/ud.)","imgUrl":"https://s2.dia.es/medias/ha4/hc4/9041921343518.jpg"},{"title":"HUMYDRY Premium plus ambientador anti humedad 500 gr","price":"10,45 €","pricePerUnit":"(10,45 €/ud.)","imgUrl":"https://s2.dia.es/medias/hb4/h6d/9071820996638.jpg"}]},"para-coche-y-espacios-pequenos":{"categoryUrl":"/compra-online/productos/drogueria-y-limpieza/ambientadores/para-coche-y-espacios-pequenos/c/WEB.011.094.00601","products":[{"title":"AMBI PUR ambientador de coche aqua recambio 1 ud","price":"3,19 €","pricePerUnit":"(3,19 €/ud.)","imgUrl":"https://s1.dia.es/medias/h9a/h48/9091160408094.jpg"},{"title":"AMBI PUR ambientador para coche anti tabaco recambio 1 ud","price":"3,19 €","pricePerUnit":"(3,19 €/ud.)","imgUrl":"https://s1.dia.es/medias/hbc/h33/8954930036766.png"},{"title":"AMBI PUR ambientador para coche aroma aire fresco recambio 1 ud","price":"3,19 €","pricePerUnit":"(3,19 €/ud.)","imgUrl":"https://s2.dia.es/medias/h4b/h94/9096548220958.jpg"},{"title":"AMBI PUR ambientador para coche aroma brisa marina 1 ud","price":"2,99 €","pricePerUnit":"(2,99 €/ud.)","imgUrl":"https://s3.dia.es/medias/h04/h05/9091212181534.jpg"},{"title":"AMBI PUR ambientador para coche torrente refrescante aparato + recambio 1 ud","price":"4,90 €","pricePerUnit":"(4,90 €/ud.)","imgUrl":"https://s2.dia.es/medias/hc7/hbd/9568060473374.jpg"},{"title":"AMBIENT AIR ambientador para coche dama de noche 1 ud","price":"1,85 €","pricePerUnit":"(1,85 €/ud.)","imgUrl":"https://s0.dia.es/medias/hd8/hdb/9145957253150.jpg"},{"title":"DIA ambientador colgador para coche colonia infantil blíster 1 ud","price":"1,95 €","pricePerUnit":"(1,95 €/ud.)","imgUrl":"https://s3.dia.es/medias/ha0/h28/9497437437982.jpg"},{"title":"DIA ambientador colgador para coche frutos del bosque blíster 1 ud","price":"1,95 €","pricePerUnit":"(1,95 €/ud.)","imgUrl":"https://s0.dia.es/medias/h8c/hff/8855036887070.png"},{"title":"MAYORDOMO ambientador concentrado frutal intenso bote 125 ml","price":"1,53 €","pricePerUnit":"(10,20 €/l.)","imgUrl":"https://s0.dia.es/medias/h4f/h77/8994560245790.jpg"},{"title":"MAYORDOMO ambientador concentrado luxury bote 125 ml","price":"1,53 €","pricePerUnit":"(10,20 €/l.)","imgUrl":"https://s0.dia.es/medias/h08/hf4/8995030499358.jpg"},{"title":"MAYORDOMO ambientador concentrado perfumado wc bote 125 ml","price":"1,53 €","pricePerUnit":"(10,20 €/l.)","imgUrl":"https://s0.dia.es/medias/haa/h2d/8994569093150.jpg"}]}},"cerillas-y-mecheros":{"name":"Cerillasymecheros","productTypes":["cerillas-y-mecheros"],"cerillas-y-mecheros":{"categoryUrl":"/compra-online/productos/drogueria-y-limpieza/cerillas-y-mecheros/cerillas-y-mecheros/c/WEB.011.095.00602","products":[{"title":"TRES ESTRELLAS pastillas de encendido caja 32 uds","price":"1,65 €","pricePerUnit":"(1,65 €/ud.)","imgUrl":"https://s0.dia.es/medias/h49/h06/9506650816542.jpg"}]}},"bolsas-basura-y-reutilizable":{"name":"Bolsasbasurayreutilizable","productTypes":["bolsas-y-sacos-de-basura","bolsas-reutilizables"],"bolsas-y-sacos-de-basura":{"categoryUrl":"/compra-online/productos/drogueria-y-limpieza/bolsas-basura-y-reutilizable/bolsas-y-sacos-de-basura/c/WEB.011.096.00603","products":[{"title":"DIA bolsa de basura con autocierre amarilla 30 litros rollo 30 uds","price":"1,39 €","pricePerUnit":"(1,39 €/ud.)","imgUrl":"https://s1.dia.es/medias/hff/h7c/8959564218398.png"},{"title":"DIA bolsa de basura con autocierre azul 30 litros rollo 30 uds","price":"1,15 €","pricePerUnit":"(1,15 €/ud.)","imgUrl":"https://s1.dia.es/medias/h24/h19/8959609307166.png"},{"title":"DIA bolsa de basura con autocierre azul 50 litros rollo 15 uds","price":"1,45 €","pricePerUnit":"(0,10 €/ud.)","imgUrl":"https://s0.dia.es/medias/h68/h96/9125403557918.jpg"},{"title":"DIA bolsa de basura para baño con autocierre 10 litros rollo 30 uds","price":"0,83 €","pricePerUnit":"(0,83 €/ud.)","imgUrl":"https://s2.dia.es/medias/h7f/he0/8961198391326.jpg"},{"title":"DIA bolsa de basura para comunidad 120 litros rollo 10 uds","price":"1,16 €","pricePerUnit":"(0,12 €/ud.)","imgUrl":"https://s1.dia.es/medias/h68/h84/8959591219230.png"},{"title":"DIA bolsa de basura para comunidad con autocierre 120 litros rollo 10 uds","price":"1,03 €","pricePerUnit":"(0,10 €/ud.)","imgUrl":"https://s1.dia.es/medias/h83/h2e/8961278410782.jpg"},{"title":"DIA bolsa de basura perfumada lavanda rollo 20 uds","price":"1,31 €","pricePerUnit":"(0,07 €/ud.)","imgUrl":"https://s0.dia.es/medias/h88/hdd/8961208877086.jpg"},{"title":"DIA bolsa de basura perfumada pino rollo 20 uds","price":"1,31 €","pricePerUnit":"(0,07 €/ud.)","imgUrl":"https://s2.dia.es/medias/hff/h3d/8961273626654.jpg"},{"title":"VILEDA bolsa de basura autocierre fuerte 30 litros rollo 15 uds","price":"1,99 €","pricePerUnit":"(0,13 €/ud.)","imgUrl":"https://s3.dia.es/medias/hea/hb5/9572799774750.jpg"}]},"bolsas-reutilizables":{"categoryUrl":"/compra-online/productos/drogueria-y-limpieza/bolsas-basura-y-reutilizable/bolsas-reutilizables/c/WEB.011.096.00607","products":[{"title":"Bolsa multiusos","price":"0,50 €","pricePerUnit":"(0,50 €/ud.)","imgUrl":"https://s3.dia.es/medias/h20/h7e/8834485977118.png"},{"title":"DIA bolsa isotérmica 25 lt","price":"1,49 €","pricePerUnit":"(1,49 €/ud.)","imgUrl":"https://s0.dia.es/medias/ha5/h59/8875615420446.png"},{"title":"LA PLAZA bolsa reutilizable","price":"0,05 €","pricePerUnit":"(0,05 €/ud.)","imgUrl":"https://s3.dia.es/medias/h59/h22/8878264877086.png"}]}},"conservacion-alimentos":{"name":"Conservaciónalimentos","productTypes":["bolsas-de-cubitos","bolsas-de-congelar","bolsas-de-conservacion","film-transparente","papel-aluminio","papel-horno"],"bolsas-de-cubitos":{"categoryUrl":"/compra-online/productos/drogueria-y-limpieza/conservacion-alimentos/bolsas-de-cubitos/c/WEB.011.098.00609","products":[{"title":"DIA bolsa cubitos hielo 15 uds","price":"0,95 €","pricePerUnit":"(0,06 €/ud.)","imgUrl":"https://s0.dia.es/medias/hae/hf7/8856026710046.png"}]},"bolsas-de-congelar":{"categoryUrl":"/compra-online/productos/drogueria-y-limpieza/conservacion-alimentos/bolsas-de-congelar/c/WEB.011.098.00610","products":[{"title":"DIA bolsas de congelación con cierre zip paquete 40 uds","price":"2,09 €","pricePerUnit":"(0,05 €/ud.)","imgUrl":"https://s0.dia.es/medias/h23/h3c/9521949769758.jpg"},{"title":"DIA bolsas de congelación medianas 25x30 cm paquete 75 uds","price":"1,99 €","pricePerUnit":"(1,99 €/ud.)","imgUrl":"https://s1.dia.es/medias/hca/h27/8962706440222.jpg"},{"title":"DIA bolsas de congelación zip pequeña paquete 25 uds","price":"0,83 €","pricePerUnit":"(0,83 €/ud.)","imgUrl":"https://s0.dia.es/medias/h7d/ha5/8854870622238.png"}]},"bolsas-de-conservacion":{"categoryUrl":"/compra-online/productos/drogueria-y-limpieza/conservacion-alimentos/bolsas-de-conservacion/c/WEB.011.098.00611","products":[{"title":"ALBAL bolsa para horno y microondas paquete 5 uds","price":"2,49 €","pricePerUnit":"(2,49 €/ud.)","imgUrl":"https://s1.dia.es/medias/h94/h85/9158082396190.jpg"},{"title":"DIA bolsa sandwich paquete 40 uds","price":"0,80 €","pricePerUnit":"(0,80 €/ud.)","imgUrl":"https://s0.dia.es/medias/hfa/hf5/8856329388062.png"}]},"film-transparente":{"categoryUrl":"/compra-online/productos/drogueria-y-limpieza/conservacion-alimentos/film-transparente/c/WEB.011.098.00612","products":[{"title":"ALBAL film transparente corte fácil 20 m","price":"1,85 €","pricePerUnit":"(0,09 €/m.)","imgUrl":"https://s2.dia.es/medias/hb2/h34/9403404288030.jpg"},{"title":"DIA film transparente rollo 100 mt","price":"1,19 €","pricePerUnit":"(1,19 €/m.)","imgUrl":"https://s1.dia.es/medias/had/h50/8959457787934.png"}]},"papel-aluminio":{"categoryUrl":"/compra-online/productos/drogueria-y-limpieza/conservacion-alimentos/papel-aluminio/c/WEB.011.098.00613","products":[{"title":"DIA papel de aluminio rollo 30 m.","price":"1,71 €","pricePerUnit":"(0,06 €/m.)","imgUrl":"https://s2.dia.es/medias/h78/hef/8959590629406.png"}]},"papel-horno":{"categoryUrl":"/compra-online/productos/drogueria-y-limpieza/conservacion-alimentos/papel-horno/c/WEB.011.098.00614","products":[{"title":"DIA bolsas para asar horno y microondas paquete 12 uds","price":"1,59 €","pricePerUnit":"(0,13 €/ud.)","imgUrl":"https://s0.dia.es/medias/h9f/haa/8875536547870.png"},{"title":"DIA papel de horno rollo 20 uds","price":"1,25 €","pricePerUnit":"(0,06 €/ud.)","imgUrl":"https://s0.dia.es/medias/h2e/hca/8961196425246.jpg"}]}},"calzado":{"name":"Calzado","productTypes":["limpiacalzado"],"limpiacalzado":{"categoryUrl":"/compra-online/productos/drogueria-y-limpieza/calzado/limpiacalzado/c/WEB.011.097.00608","products":[{"title":"BÚFALO Betun autobrillante para zapatos color azul tarro 40 ml","price":"2,29 €","pricePerUnit":"(57,25 €/l.)","imgUrl":"https://s3.dia.es/medias/hd5/h3c/9665619132446.jpg"},{"title":"BÚFALO Betun autobrillante para zapatos color marrón tarro 40 ml","price":"2,29 €","pricePerUnit":"(57,25 €/l.)","imgUrl":"https://s2.dia.es/medias/h3b/h97/9665583841310.jpg"},{"title":"BÚFALO Betun autobrillante para zapatos color negro tarro 40 ml","price":"2,29 €","pricePerUnit":"(57,25 €/l.)","imgUrl":"https://s3.dia.es/medias/h7a/hfa/9665584168990.jpg"},{"title":"BÚFALO Betun autobrillante para zapatos incoloro tarro 40 ml","price":"2,29 €","pricePerUnit":"(57,25 €/l.)","imgUrl":"https://s3.dia.es/medias/hbd/h49/9665581547550.jpg"},{"title":"BÚFALO Classic crema color marrón lata 75 ml","price":"1,75 €","pricePerUnit":"(23,33 €/l.)","imgUrl":"https://s0.dia.es/medias/h7e/h55/9096255209502.jpg"},{"title":"BÚFALO Classic crema color negro lata 75 ml","price":"1,75 €","pricePerUnit":"(23,33 €/l.)","imgUrl":"https://s0.dia.es/medias/hfc/hb2/9096230797342.jpg"},{"title":"BÚFALO Classic crema color neutral lata 75 ml","price":"1,75 €","pricePerUnit":"(23,33 €/l.)","imgUrl":"https://s0.dia.es/medias/h21/hcc/9096336801822.jpg"},{"title":"BÚFALO Express crema autobrillante color marrón bote 50 ml","price":"1,39 €","pricePerUnit":"(27,80 €/l.)","imgUrl":"https://s1.dia.es/medias/h41/he9/9665579581470.jpg"},{"title":"BÚFALO Express crema autobrillante color negro bote 50 ml","price":"1,39 €","pricePerUnit":"(27,80 €/l.)","imgUrl":"https://s1.dia.es/medias/h10/h21/9667551330334.jpg"},{"title":"BÚFALO Express crema nutridora color marrón bote 50 ml","price":"2,49 €","pricePerUnit":"(49,80 €/l.)","imgUrl":"https://s1.dia.es/medias/h92/h4d/9086074585118.jpg"},{"title":"BÚFALO Express crema nutridora color negro bote 50 ml","price":"2,49 €","pricePerUnit":"(49,80 €/l.)","imgUrl":"https://s2.dia.es/medias/he7/h05/9086151852062.jpg"},{"title":"BÚFALO Express crema nutridora incoloro bote 50 ml","price":"2,49 €","pricePerUnit":"(49,80 €/l.)","imgUrl":"https://s0.dia.es/medias/h4d/h76/9086147919902.jpg"},{"title":"BÚFALO limpiador protector del cuero incoloro pistola 250 ml","price":"3,39 €","pricePerUnit":"(13,56 €/l.)","imgUrl":"https://s3.dia.es/medias/h33/hed/9665587773470.jpg"},{"title":"BÚFALO Protexol grasa de caballo incoloro tarro 75 ml","price":"1,85 €","pricePerUnit":"(24,67 €/l.)","imgUrl":"https://s3.dia.es/medias/heb/h5a/9193149628446.jpg"},{"title":"BÚFALO renovador ante/camurca & nobuck incoloro bote 1 ud","price":"3,99 €","pricePerUnit":"(3,99 €/ud.)","imgUrl":"https://s3.dia.es/medias/had/h13/9086088544286.jpg"},{"title":"BÚFALO tinta rápida para zapatos color marrón caja 25 ml","price":"2,59 €","pricePerUnit":"(103,60 €/l.)","imgUrl":"https://s1.dia.es/medias/h49/h2d/9091165978654.jpg"},{"title":"BÚFALO tinta rápida para zapatos color negro caja 25 ml","price":"2,59 €","pricePerUnit":"(103,60 €/l.)","imgUrl":"https://s0.dia.es/medias/hca/h00/9091101360158.jpg"},{"title":"DIA limpiacalzado autoaplizador con esponja color incoloro bote 50 ml","price":"0,95 €","pricePerUnit":"(19,00 €/l.)","imgUrl":"https://s3.dia.es/medias/hda/h08/8959567233054.png"},{"title":"DIA limpiacalzado autoaplizador con esponja color marrón bote 50 ml","price":"0,95 €","pricePerUnit":"(19,00 €/l.)","imgUrl":"https://s3.dia.es/medias/h84/haa/9362643091486.jpg"},{"title":"DIA limpiacalzado autoaplizador con esponja color negro bote 50 ml","price":"0,95 €","pricePerUnit":"(19,00 €/l.)","imgUrl":"https://s1.dia.es/medias/h08/hf1/9362648006686.jpg"},{"title":"DIA limpiacalzado esponja autobrillante incolora estuche 30 ml","price":"0,59 €","pricePerUnit":"(0,59 €/ud.)","imgUrl":"https://s3.dia.es/medias/had/hb4/8959503466526.png"},{"title":"KIWI autoaplicador para calzado color azul bote 50 ml","price":"1,73 €","pricePerUnit":"(34,60 €/l.)","imgUrl":"https://s0.dia.es/medias/h69/h01/9096254881822.jpg"},{"title":"KIWI autoaplicador para calzado color marrón bote 50 ml","price":"1,73 €","pricePerUnit":"(34,60 €/l.)","imgUrl":"https://s1.dia.es/medias/h1c/h1a/9091182493726.jpg"},{"title":"KIWI autoaplicador para calzado color negro bote 50 ml","price":"1,73 €","pricePerUnit":"(34,60 €/l.)","imgUrl":"https://s1.dia.es/medias/hb1/hb7/9091119775774.jpg"},{"title":"KIWI autoaplicador para calzado color sport blanco bote 50 ml","price":"1,73 €","pricePerUnit":"(34,60 €/l.)","imgUrl":"https://s3.dia.es/medias/h54/h99/9096308228126.jpg"},{"title":"KIWI crema de ceras líquida incolora bote 50 ml","price":"1,73 €","pricePerUnit":"(34,60 €/l.)","imgUrl":"https://s1.dia.es/medias/h7c/hcf/9091236823070.jpg"},{"title":"KIWI esponja autobrillante limpia calzados todos los colores caja 1 ud","price":"1,79 €","pricePerUnit":"(1,79 €/ud.)","imgUrl":"https://s0.dia.es/medias/hb4/hd2/9578166681630.jpg"},{"title":"KIWI fresh force limpiador de calzado bote 100 ml","price":"3,99 €","pricePerUnit":"(39,90 €/l.)","imgUrl":"https://s2.dia.es/medias/h7f/h59/9086078386206.jpg"},{"title":"KIWI limpiador de calzado incoloro tarro 50 ml","price":"2,89 €","pricePerUnit":"(57,80 €/l.)","imgUrl":"https://s0.dia.es/medias/hd0/h72/8876456607774.png"},{"title":"KIWI protector impermeabilizante todo tipo de calzados spray 200 ml","price":"3,79 €","pricePerUnit":"(18,95 €/l.)","imgUrl":"https://s1.dia.es/medias/h65/h60/9052637855774.jpg"},{"title":"KIWI Shoe passion pies de seda spray 100 ml","price":"3,99 €","pricePerUnit":"(3,99 €/ud.)","imgUrl":"https://s3.dia.es/medias/haa/h0e/8876399394846.png"},{"title":"YAK esponja para calzado brillo inmediato color negro especial piel 1 ud","price":"1,19 €","pricePerUnit":"(1,19 €/ud.)","imgUrl":"https://s1.dia.es/medias/hff/hb2/9591303798814.jpg"},{"title":"YAK esponja para calzado brillo inmediato incolora especial piel 1 ud","price":"1,19 €","pricePerUnit":"(1,19 €/ud.)","imgUrl":"https://s3.dia.es/medias/hde/hf7/9591315267614.jpg"}]}},"celulosa":{"name":"Celulosa","productTypes":["panuelos-y-tissues","papel-de-cocina","papel-higienico","papel-higienico-humedo","servilletas-de-papel"],"panuelos-y-tissues":{"categoryUrl":"/compra-online/productos/drogueria-y-limpieza/celulosa/panuelos-y-tissues/c/WEB.011.099.00615","products":[{"title":"BONTE pañuelos faciales extra suaves 3 capas caja 60 uds (diferentes modelos)","price":"0,70 €","pricePerUnit":"(0,70 €/ud.)","imgUrl":"https://s2.dia.es/medias/hff/h22/9334492037150.jpg"},{"title":"BONTE pañuelos faciales extra suaves 4 capas caja 50 uds","price":"0,89 €","pricePerUnit":"(0,89 €/ud.)","imgUrl":"https://s0.dia.es/medias/hc1/h49/9081957318686.jpg"},{"title":"COLHOGAR pañuelos sensaciones paquete 10 uds","price":"1,79 €","pricePerUnit":"(0,18 €/ud.)","imgUrl":"https://s2.dia.es/medias/hb8/hd2/9487362195486.jpg"},{"title":"DIA pañuelos 3 capas paquete 24 uds","price":"1,69 €","pricePerUnit":"(0,07 €/ud.)","imgUrl":"https://s1.dia.es/medias/h6a/hc2/9125436686366.jpg"},{"title":"DIA pañuelos mini balsámicos loción aloe vera 4 capas paquete 10 uds","price":"1,25 €","pricePerUnit":"(0,13 €/ud.)","imgUrl":"https://s2.dia.es/medias/hfe/hb0/9127134724126.jpg"},{"title":"DIA pañuelos mini blancos 4 capas paquete 18 uds","price":"1,65 €","pricePerUnit":"(0,09 €/ud.)","imgUrl":"https://s0.dia.es/medias/h6a/h4b/9500859367454.jpg"},{"title":"DIA pañuelos mini mentolados 4 capas paquete 10 uds","price":"0,99 €","pricePerUnit":"(0,10 €/ud.)","imgUrl":"https://s0.dia.es/medias/h23/h55/9127016398878.jpg"},{"title":"DIA pañuelos pocket blancos 3 capas paquete 15 uds","price":"0,96 €","pricePerUnit":"(0,06 €/ud.)","imgUrl":"https://s0.dia.es/medias/ha1/haf/9118409981982.jpg"},{"title":"DIA tissues 2 capas caja 150 uds","price":"0,75 €","pricePerUnit":"(0,75 €/ud.)","imgUrl":"https://s2.dia.es/medias/h58/h4c/9118414176286.jpg"},{"title":"FOXY Veline pañuelos faciales caja 75 uds","price":"1,75 €","pricePerUnit":"(1,75 €/ud.)","imgUrl":"https://s1.dia.es/medias/hea/h7f/8882663194654.png"},{"title":"KLEENEX pañuelos balsámicos paquete 10 uds","price":"1,59 €","pricePerUnit":"(0,16 €/ud.)","imgUrl":"https://s3.dia.es/medias/h96/h8c/9110645145630.jpg"},{"title":"KLEENEX pañuelos collection 2 capas caja 56 uds","price":"1,67 €","pricePerUnit":"(1,67 €/ud.)","imgUrl":"https://s2.dia.es/medias/hdc/ha7/9610261954590.jpg"},{"title":"KLEENEX pañuelos originales paquete 12 uds","price":"1,60 €","pricePerUnit":"(0,13 €/ud.)","imgUrl":"https://s0.dia.es/medias/h26/h7e/9610206248990.jpg"},{"title":"SCOTTEX pañuelos faciales caja 70 uds","price":"1,25 €","pricePerUnit":"(1,25 €/ud.)","imgUrl":"https://s2.dia.es/medias/h23/ha5/9007490400286.jpg"},{"title":"SCOTTEX pañuelos tres capas paquete 8 + 2 uds","price":"0,99 €","pricePerUnit":"(0,10 €/ud.)","imgUrl":"https://s3.dia.es/medias/hdb/h24/8886194929694.jpg"}]},"papel-de-cocina":{"categoryUrl":"/compra-online/productos/drogueria-y-limpieza/celulosa/papel-de-cocina/c/WEB.011.099.00616","products":[{"title":"COLHOGAR papel de cocina expert paquete 2 uds","price":"2,19 €","pricePerUnit":"(1,10 €/ud.)","imgUrl":"https://s1.dia.es/medias/hbe/h35/9519670722590.jpg"},{"title":"COLHOGAR papel de cocina mega XXL paquete 2 uds","price":"2,65 €","pricePerUnit":"(1,33 €/ud.)","imgUrl":"https://s1.dia.es/medias/h36/hbe/9639221657630.jpg"},{"title":"COLHOGAR rollo para todo 1 rollo","price":"3,29 €","pricePerUnit":"(3,29 €/ud.)","imgUrl":"https://s2.dia.es/medias/h0e/h50/9485505888286.jpg"},{"title":"DIA papel de cocina absorción 1 rollo","price":"2,59 €","pricePerUnit":"(2,59 €/ud.)","imgUrl":"https://s0.dia.es/medias/he0/hf6/9007456583710.jpg"},{"title":"DIA papel de cocina compact decorado paquete 3 uds","price":"1,75 €","pricePerUnit":"(0,58 €/ud.)","imgUrl":"https://s1.dia.es/medias/he6/h23/9525630533662.jpg"},{"title":"DIA papel de cocina multiusos 1 rollo","price":"2,89 €","pricePerUnit":"(2,89 €/ud.)","imgUrl":"https://s2.dia.es/medias/hc5/hdb/9525633482782.jpg"},{"title":"FOXY Asso papel de cocina ultra absorvente 3 capas paquete 150 servicios","price":"2,69 €","pricePerUnit":"(1,35 €/ud.)","imgUrl":"https://s3.dia.es/medias/h53/hb0/8882685542430.png"},{"title":"FOXY Mega3 papel de cocina paquete 2 rollos","price":"2,45 €","pricePerUnit":"(1,23 €/ud.)","imgUrl":"https://s2.dia.es/medias/h03/h59/8882720768030.png"},{"title":"FOXY papel de cocina cartapaglia paquete 2 uds","price":"1,55 €","pricePerUnit":"(0,78 €/ud.)","imgUrl":"https://s0.dia.es/medias/h93/h41/9041962500126.jpg"},{"title":"FOXY Tornado azul papel multiusos rollo 1 ud","price":"4,09 €","pricePerUnit":"(4,09 €/ud.)","imgUrl":"https://s2.dia.es/medias/hc7/h00/8882733514782.png"},{"title":"REGINA Blitz papel de cocina 3 capas 1 rollo","price":"2,69 €","pricePerUnit":"(2,69 €/ud.)","imgUrl":"https://s1.dia.es/medias/h13/h8c/9039627550750.jpg"},{"title":"SCOTTEX papel de cocina megarollo paquete 2 rollos","price":"1,19 €","pricePerUnit":"(0,60 €/ud.)","imgUrl":"https://s1.dia.es/medias/hda/hdb/9110125281310.jpg"}]},"papel-higienico":{"categoryUrl":"/compra-online/productos/drogueria-y-limpieza/celulosa/papel-higienico/c/WEB.011.099.00617","products":[{"title":"COLHOGAR papel higiénico just1 paquete 6 uds","price":"3,99 €","pricePerUnit":"(3,99 €/ud.)","imgUrl":"https://s1.dia.es/medias/hd5/h31/9483140464670.jpg"},{"title":"COLHOGAR papel higiénico protect paquete 12 uds","price":"5,50 €","pricePerUnit":"(0,46 €/ud.)","imgUrl":"https://s0.dia.es/medias/h81/h4d/9483315904542.jpg"},{"title":"COLHOGAR papel higiénico XXL paquete 12 uds","price":"5,89 €","pricePerUnit":"(0,49 €/ud.)","imgUrl":"https://s3.dia.es/medias/h85/h96/9552692346910.jpg"},{"title":"COLHOGAR papel higiénico XXL paquete 6 uds","price":"2,99 €","pricePerUnit":"(0,50 €/ud.)","imgUrl":"https://s2.dia.es/medias/hd8/hf2/9595039809566.jpg"},{"title":"DIA papel higiénico aloe vera 3 capas paquete 4 uds","price":"1,89 €","pricePerUnit":"(0,47 €/ud.)","imgUrl":"https://s3.dia.es/medias/h7d/h48/9505523662878.jpg"},{"title":"DIA papel higiénico blanco 2 capas paquete 12 uds","price":"1,99 €","pricePerUnit":"(0,17 €/ud.)","imgUrl":"https://s2.dia.es/medias/h29/h7f/9082972962846.jpg"},{"title":"DIA papel higiénico compacto blanco 2 capas paquete 12 uds","price":"3,74 €","pricePerUnit":"(0,31 €/ud.)","imgUrl":"https://s2.dia.es/medias/hf9/h4d/9503214665758.jpg"},{"title":"DIA papel higiénico compacto blanco 2 capas paquete 18 uds","price":"5,59 €","pricePerUnit":"(0,31 €/ud.)","imgUrl":"https://s3.dia.es/medias/h1e/h70/9500835184670.jpg"},{"title":"DIA papel higiénico compacto blanco 2 capas paquete 6 uds","price":"1,95 €","pricePerUnit":"(0,33 €/ud.)","imgUrl":"https://s1.dia.es/medias/h82/h5e/9118409130014.jpg"},{"title":"DIA papel higiénico premium 3 capas paquete 12 uds","price":"3,89 €","pricePerUnit":"(0,32 €/ud.)","imgUrl":"https://s2.dia.es/medias/hfa/h64/9118413062174.jpg"},{"title":"FOXY Mega3 papel higiénico paquete 4 uds","price":"2,85 €","pricePerUnit":"(0,71 €/ud.)","imgUrl":"https://s2.dia.es/medias/hab/h2e/8882580357150.png"},{"title":"FOXY Seda papel higiénico paquete 4 + 2 gratis","price":"2,79 €","pricePerUnit":"(0,47 €/ud.)","imgUrl":"https://s2.dia.es/medias/hd9/h15/8882509709342.png"},{"title":"REGINA papel higiénico sensación de algodón 3 capas paquete 6 uds","price":"3,09 €","pricePerUnit":"(3,09 €/ud.)","imgUrl":"https://s2.dia.es/medias/hb9/h14/9039556050974.jpg"},{"title":"SCOTTEX papel higienico megarrollo paquete 24 uds","price":"12,99 €","pricePerUnit":"(0,54 €/ud.)","imgUrl":"https://s1.dia.es/medias/hc6/h95/9258596106270.jpg"},{"title":"SCOTTEX papel higienico megarrollo paquete 6 ud","price":"2,95 €","pricePerUnit":"(0,49 €/ud.)","imgUrl":"https://s3.dia.es/medias/h10/h6d/9610247536670.jpg"},{"title":"SCOTTEX papel higiénico acolchado 3 capas paquete 9 uds","price":"4,09 €","pricePerUnit":"(0,45 €/ud.)","imgUrl":"https://s1.dia.es/medias/ha6/hbc/9610247208990.jpg"},{"title":"SCOTTEX papel higiénico megarollo paquete 16 uds","price":"7,69 €","pricePerUnit":"(0,48 €/ud.)","imgUrl":"https://s1.dia.es/medias/h7b/h1d/9610247864350.jpg"},{"title":"SCOTTEX papel higiénico original paquete 24 uds","price":"6,11 €","pricePerUnit":"(0,25 €/ud.)","imgUrl":"https://s3.dia.es/medias/hbc/hcd/9610206576670.jpg"},{"title":"SCOTTEX papel higiénico original paquete 40 uds","price":"9,90 €","pricePerUnit":"(0,25 €/ud.)","imgUrl":"https://s1.dia.es/medias/hda/h91/8882604605470.jpg"},{"title":"SCOTTEX papel higiénico sensitive 3 capas paquete 6 uds","price":"2,95 €","pricePerUnit":"(0,49 €/ud.)","imgUrl":"https://s2.dia.es/medias/h5e/hfd/9610260643870.jpg"}]},"papel-higienico-humedo":{"categoryUrl":"/compra-online/productos/drogueria-y-limpieza/celulosa/papel-higienico-humedo/c/WEB.011.099.00618","products":[{"title":"DIA papel higiénico húmedo envase 80 uds","price":"1,39 €","pricePerUnit":"(1,39 €/ud.)","imgUrl":"https://s1.dia.es/medias/hb4/h4b/9674571644958.jpg"},{"title":"DIA toallitas wc sensitive envase 70 uds","price":"1,45 €","pricePerUnit":"(1,45 €/ud.)","imgUrl":"https://s1.dia.es/medias/h58/hbe/9561305776158.jpg"},{"title":"SCOTTEX Junior toallitas húmedas wc maxi pack 84 uds","price":"2,99 €","pricePerUnit":"(2,99 €/ud.)","imgUrl":"https://s2.dia.es/medias/hb3/hf7/9610256252958.jpg"},{"title":"SCOTTEX toallitas humedas wc envase 80 uds","price":"2,95 €","pricePerUnit":"(2,95 €/ud.)","imgUrl":"https://s0.dia.es/medias/hb5/h7b/9610210836510.jpg"}]},"servilletas-de-papel":{"categoryUrl":"/compra-online/productos/drogueria-y-limpieza/celulosa/servilletas-de-papel/c/WEB.011.099.00619","products":[{"title":"DIA servilletas azules 3 capas 33x33 cm paquete 50 uds","price":"1,10 €","pricePerUnit":"(1,10 €/ud.)","imgUrl":"https://s3.dia.es/medias/he0/hea/9312710098974.jpg"},{"title":"DIA servilletas blancas 1 capa paquete 200 uds","price":"0,90 €","pricePerUnit":"(0,90 €/ud.)","imgUrl":"https://s3.dia.es/medias/h09/h2f/9676165152798.jpg"},{"title":"DIA servilletas blancas 2 capas 22x22 cm paquete 100 uds","price":"0,99 €","pricePerUnit":"(0,99 €/ud.)","imgUrl":"https://s1.dia.es/medias/hc0/hfa/8957705093150.png"},{"title":"DIA servilletas blancas 2 capas 33x33 cm paquete 100 uds","price":"0,99 €","pricePerUnit":"(0,99 €/ud.)","imgUrl":"https://s0.dia.es/medias/h92/h54/9674573283358.jpg"},{"title":"DIA servilletas decoradas 2 capas paquete 100 uds","price":"1,52 €","pricePerUnit":"(1,52 €/ud.)","imgUrl":"https://s3.dia.es/medias/hc8/h55/9674574266398.jpg"},{"title":"FOXY servilletas decoradas tamaño 40 x 40 cm paquete 45 uds","price":"1,75 €","pricePerUnit":"(1,75 €/ud.)","imgUrl":"https://s0.dia.es/medias/hb8/h75/8882714312734.png"},{"title":"SCOTTEX servilletas collection 2 capas paquete 50 uds","price":"1,29 €","pricePerUnit":"(1,29 €/ud.)","imgUrl":"https://s0.dia.es/medias/he1/hb9/9610264805406.jpg"}]}},"cuidado-ropa-detergente":{"name":"Cuidadoropa-detergente","productTypes":["maquina-polvo","maquina-tabletas","maquina-liquido","prendas-delicadas","a-mano-y-jabon-comun"],"maquina-polvo":{"categoryUrl":"/compra-online/productos/drogueria-y-limpieza/cuidado-ropa-detergente/maquina-polvo/c/WEB.011.100.00623","products":[{"title":"ARIEL Básico detergente máquina en polvo maleta 60 cacitos","price":"10,99 €","pricePerUnit":"(0,18 €/Lavado)","imgUrl":"https://s1.dia.es/medias/hd2/hf0/9510912655390.jpg"},{"title":"DIA detergente máquina polvo al jabón de marsella maleta 30 cacitos","price":"3,49 €","pricePerUnit":"(0,12 €/Lavado)","imgUrl":"https://s1.dia.es/medias/h87/hda/9336820400158.jpg"},{"title":"DIA detergente máquina polvo aloe vera maleta 45 cacitos","price":"6,04 €","pricePerUnit":"(0,13 €/Lavado)","imgUrl":"https://s0.dia.es/medias/h60/h77/9495014866974.jpg"},{"title":"DIA detergente máquina polvo maleta 36 cacitos","price":"4,85 €","pricePerUnit":"(0,13 €/Lavado)","imgUrl":"https://s2.dia.es/medias/h25/h1a/8825660309534.png"},{"title":"DIA detergente máquina polvo maleta 54 cacitos","price":"7,34 €","pricePerUnit":"(0,14 €/Lavado)","imgUrl":"https://s1.dia.es/medias/h30/h19/9495014539294.jpg"},{"title":"DIA detergente máquina polvo maleta 72 cacitos","price":"9,25 €","pricePerUnit":"(0,13 €/Lavado)","imgUrl":"https://s2.dia.es/medias/h2f/h9a/8958623219742.png"},{"title":"DIXAN detergente máquina en polvo maleta 36 cacitos","price":"7,79 €","pricePerUnit":"(0,22 €/Lavado)","imgUrl":"https://s2.dia.es/medias/hb9/h8c/9216426704926.jpg"},{"title":"DIXAN detergente máquina polvo bolsa 15 cacitos","price":"3,29 €","pricePerUnit":"(0,22 €/Lavado)","imgUrl":"https://s0.dia.es/medias/ha4/h12/9216343932958.jpg"},{"title":"ELENA detergente maquina polvo maleta 30 + 9 lavados","price":"5,99 €","pricePerUnit":"(0,15 €/Lavado)","imgUrl":"https://s3.dia.es/medias/hdf/hce/9601646952478.jpg"},{"title":"MICOLOR detergente máquina polvo maleta 25 cacitos","price":"7,99 €","pricePerUnit":"(0,32 €/Lavado)","imgUrl":"https://s1.dia.es/medias/h4b/h80/9519197388830.jpg"},{"title":"SKIP Active clean detergente máquina polvo maleta 48 cacitos","price":"9,89 €","pricePerUnit":"(0,21 €/Lavado)","imgUrl":"https://s1.dia.es/medias/hf0/h51/9354662346782.jpg"},{"title":"WIPP EXPRESS detergente máquina polvo maleta 36 cacitos","price":"9,00 €","pricePerUnit":"(0,25 €/Lavado)","imgUrl":"https://s0.dia.es/medias/h3c/h9f/9167707734046.jpg"}]},"maquina-tabletas":{"categoryUrl":"/compra-online/productos/drogueria-y-limpieza/cuidado-ropa-detergente/maquina-tabletas/c/WEB.011.100.00622","products":[{"title":"ARIEL Pods detergente máquina 3 en 1 color en cápsulas 24 uds","price":"8,99 €","pricePerUnit":"(0,37 €/Lavado)","imgUrl":"https://s0.dia.es/medias/hd8/hee/9333259665438.jpg"},{"title":"ARIEL Pods detergente máquina 3 en 1 en cápsulas 38 uds","price":"13,99 €","pricePerUnit":"(0,37 €/Lavado)","imgUrl":"https://s3.dia.es/medias/h1a/h35/9110070296606.jpg"},{"title":"ARIEL Pods detergente máquina en cápsulas 24 uds","price":"8,89 €","pricePerUnit":"(0,37 €/Lavado)","imgUrl":"https://s3.dia.es/medias/hbd/h66/9333255995422.jpg"},{"title":"ARIEL Pods detergente máquina fresh sensations en cápsulas 24 uds","price":"8,99 €","pricePerUnit":"(0,37 €/Lavado)","imgUrl":"https://s0.dia.es/medias/h83/hc5/9333267529758.jpg"},{"title":"DIA detergente máquina en cápsulas 20 uds","price":"3,49 €","pricePerUnit":"(0,17 €/Lavado)","imgUrl":"https://s0.dia.es/medias/hf9/h32/9495013883934.jpg"},{"title":"DIXAN Duo total detergente máquina en cápsulas 24 uds","price":"7,25 €","pricePerUnit":"(0,30 €/Lavado)","imgUrl":"https://s3.dia.es/medias/h32/heb/9216407699486.jpg"},{"title":"MICOLOR detergente máquina adiós al separar en cápsulas 24 uds","price":"7,69 €","pricePerUnit":"(0,32 €/Lavado)","imgUrl":"https://s0.dia.es/medias/hb6/h85/9216418185246.jpg"},{"title":"PUNTOMATIC detergente máquina blanco puro en pastillas 4 lv","price":"0,99 €","pricePerUnit":"(0,25 €/Lavado)","imgUrl":"https://s0.dia.es/medias/h7e/hda/8857062965278.png"},{"title":"PUNTOMATIC detergente máquina color brillante en pastillas 4 lv","price":"0,99 €","pricePerUnit":"(0,25 €/Lavado)","imgUrl":"https://s2.dia.es/medias/had/hdc/8857117491230.png"},{"title":"SKIP Active clean detergente máquina en cápsulas bolsa 28 lv","price":"7,99 €","pricePerUnit":"(0,29 €/Lavado)","imgUrl":"https://s2.dia.es/medias/hc3/h75/9391518711838.jpg"},{"title":"SKIP Ultimate detergente máquina doble acción en cápsulas 24 uds","price":"7,95 €","pricePerUnit":"(0,33 €/Lavado)","imgUrl":"https://s0.dia.es/medias/h04/h45/9391558885406.jpg"},{"title":"SKIP Ultimate detergente máquina en cápsulas 24 uds","price":"7,95 €","pricePerUnit":"(0,33 €/Lavado)","imgUrl":"https://s0.dia.es/medias/hf4/h79/9391514779678.jpg"},{"title":"WIPP EXPRESS detergente máquina doble acción en cápsulas 24 uds","price":"7,99 €","pricePerUnit":"(0,33 €/Lavado)","imgUrl":"https://s2.dia.es/medias/h1f/hd8/9519146663966.jpg"}]},"maquina-liquido":{"categoryUrl":"/compra-online/productos/drogueria-y-limpieza/cuidado-ropa-detergente/maquina-liquido/c/WEB.011.100.00621","products":[{"title":"ARIEL Actilift detergente máquina líquido botella 42 lv","price":"12,49 €","pricePerUnit":"(6,25 €/l.)","imgUrl":"https://s1.dia.es/medias/hc5/h73/9283682664478.jpg"},{"title":"ARIEL Actilift detergente máquina líquido concentrado botella 31 lv","price":"8,99 €","pricePerUnit":"(0,29 €/Lavado)","imgUrl":"https://s3.dia.es/medias/h91/h9a/9275997421598.jpg"},{"title":"ARIEL Básico detergente máquina líquido botella 31 lv","price":"5,60 €","pricePerUnit":"(0,18 €/Lavado)","imgUrl":"https://s1.dia.es/medias/h7d/ha6/9290376609822.jpg"},{"title":"ARIEL Sensations detergente máquina líquido fresh concentrado botella 27 + 3 lv","price":"10,20 €","pricePerUnit":"(0,38 €/Lavado)","imgUrl":"https://s2.dia.es/medias/hda/h9a/9276044804126.jpg"},{"title":"COLON detergente máquina líquido  botella 30 lv","price":"5,99 €","pricePerUnit":"(0,19 €/Lavado)","imgUrl":"https://s0.dia.es/medias/hf1/h26/9651345260574.jpg"},{"title":"COLON detergente máquina líquido + quitamanchas vanish powergel 2 en 1 botella 40 lv","price":"8,60 €","pricePerUnit":"(0,22 €/Lavado)","imgUrl":"https://s0.dia.es/medias/h64/h66/9601629585438.jpg"},{"title":"COLON detergente máquina líquido flor botella 25 lv","price":"4,99 €","pricePerUnit":"(0,16 €/Lavado)","imgUrl":"https://s3.dia.es/medias/hf8/h29/9601622048798.jpg"},{"title":"COLON detergente máquina líquido mix color botella 30 lv","price":"6,69 €","pricePerUnit":"(0,22 €/Lavado)","imgUrl":"https://s2.dia.es/medias/hca/ha7/9601657503774.jpg"},{"title":"DETERSOLÍN detergente máquina líquido lavado mixto botella 33 + 10 lv","price":"6,19 €","pricePerUnit":"(0,14 €/Lavado)","imgUrl":"https://s0.dia.es/medias/h1b/hb1/9573900025886.jpg"},{"title":"DETERSOLÍN detergente máquina líquido plancha fácil botella 31 + 4 lv","price":"6,19 €","pricePerUnit":"(0,18 €/Lavado)","imgUrl":"https://s1.dia.es/medias/hd0/hfe/9573901729822.jpg"},{"title":"DETERSOLÍN detergente máquina líquido ultra action botella 33 + 10 lv","price":"6,19 €","pricePerUnit":"(0,14 €/Lavado)","imgUrl":"https://s3.dia.es/medias/h55/h0b/9305854312478.jpg"},{"title":"DIA detergente máquina líquido al jabón de marsella botella 3 lt 40 lv","price":"2,77 €","pricePerUnit":"(0,07 €/Lavado)","imgUrl":"https://s3.dia.es/medias/h51/he0/9353980805150.jpg"},{"title":"DIA detergente máquina líquido aloe vera botella 40 lv","price":"3,25 €","pricePerUnit":"(0,08 €/Lavado)","imgUrl":"https://s0.dia.es/medias/h66/hc5/9352983445534.jpg"},{"title":"DIA detergente máquina líquido botella 27 lv","price":"3,15 €","pricePerUnit":"(0,12 €/Lavado)","imgUrl":"https://s3.dia.es/medias/hbe/h93/9370303397918.jpg"},{"title":"DIA detergente máquina líquido con suavizante 2 en 1 botella 2 lt","price":"3,83 €","pricePerUnit":"(0,14 €/Lavado)","imgUrl":"https://s0.dia.es/medias/he2/h72/9353975234590.jpg"},{"title":"DIA detergente máquina líquido para ropa de color botella 30 lv","price":"2,93 €","pricePerUnit":"(0,10 €/Lavado)","imgUrl":"https://s1.dia.es/medias/h29/h91/9495013556254.jpg"},{"title":"DIA detergente máquina líquido ropa negra botella 2 lt","price":"4,13 €","pricePerUnit":"(0,14 €/Lavado)","imgUrl":"https://s2.dia.es/medias/h38/h8f/8868003938334.png"},{"title":"DIXAN detergente máquina líquido gel botella 40 lv","price":"6,99 €","pricePerUnit":"(0,17 €/Lavado)","imgUrl":"https://s3.dia.es/medias/hac/hea/9526589095966.jpg"},{"title":"DIXAN detergente máquina líquido plancha fácil botella 35 lv","price":"7,19 €","pricePerUnit":"(0,18 €/Lavado)","imgUrl":"https://s3.dia.es/medias/h95/h64/9526586474526.jpg"},{"title":"ELENA detergente máquina líquido gel azul botella 30 lv","price":"5,49 €","pricePerUnit":"(0,18 €/Lavado)","imgUrl":"https://s0.dia.es/medias/h7e/h72/9601683456030.jpg"},{"title":"FROSCH detergente máquina líquido jabón natural botella 22 lv","price":"5,49 €","pricePerUnit":"(0,25 €/Lavado)","imgUrl":"https://s3.dia.es/medias/hd2/h49/9659777744926.jpg"},{"title":"MICOLOR detergente máquina líquido adiós al separar botella 23 lv","price":"4,99 €","pricePerUnit":"(0,22 €/Lavado)","imgUrl":"https://s2.dia.es/medias/h36/hcb/9526593683486.jpg"},{"title":"MICOLOR detergente máquina líquido colores oscuros botella 23 lv","price":"4,99 €","pricePerUnit":"(0,22 €/Lavado)","imgUrl":"https://s0.dia.es/medias/hec/ha2/9526584770590.jpg"},{"title":"MICOLOR detergente máquina líquido colores puros botella 23 lv","price":"4,99 €","pricePerUnit":"(0,22 €/Lavado)","imgUrl":"https://s1.dia.es/medias/hdc/h47/9526589423646.jpg"},{"title":"MICOLOR detergente máquina líquido fresh gel botella 23 lv","price":"4,99 €","pricePerUnit":"(0,22 €/Lavado)","imgUrl":"https://s0.dia.es/medias/h6a/h34/9526596698142.jpg"},{"title":"NORIT detergente máquina líquido bebé botella 32 lv","price":"3,99 €","pricePerUnit":"(0,12 €/Lavado)","imgUrl":"https://s0.dia.es/medias/h65/h6e/9258592501790.jpg"},{"title":"OMINO BIANCO detergente máquina líquido marsella botella 50 lv","price":"6,59 €","pricePerUnit":"(0,13 €/Lavado)","imgUrl":"https://s1.dia.es/medias/h25/hdd/9210808303646.jpg"},{"title":"PERLAN detergente máquina líquido elimina pelusas y bolitas botella 25 lv","price":"4,75 €","pricePerUnit":"(0,19 €/Lavado)","imgUrl":"https://s1.dia.es/medias/hdb/h3a/9519684616222.jpg"},{"title":"SKIP Active clean detergente máquina líquido botella 50 lv","price":"9,99 €","pricePerUnit":"(0,20 €/Lavado)","imgUrl":"https://s1.dia.es/medias/hd4/h24/9391514124318.jpg"},{"title":"SKIP detergente máquina líquido aloe vera botella 50 lv","price":"9,99 €","pricePerUnit":"(0,20 €/Lavado)","imgUrl":"https://s3.dia.es/medias/h1c/hfb/9678758084638.jpg"},{"title":"SKIP Ultimate detergente máquina líquido botella 33 lv","price":"7,99 €","pricePerUnit":"(0,24 €/Lavado)","imgUrl":"https://s3.dia.es/medias/haf/h3c/9391571337246.jpg"},{"title":"SKIP Ultimate detergente máquina líquido color botella 33 lv","price":"7,99 €","pricePerUnit":"(0,24 €/Lavado)","imgUrl":"https://s3.dia.es/medias/h1d/h58/9391557574686.jpg"},{"title":"SKIP Ultimate detergente máquina líquido mimosín botella 33 lv","price":"7,99 €","pricePerUnit":"(0,24 €/Lavado)","imgUrl":"https://s3.dia.es/medias/hba/h65/9139912343582.jpg"},{"title":"WIPP EXPRESS detergente máquina líquido gel botella 31 lv","price":"7,59 €","pricePerUnit":"(0,25 €/Lavado)","imgUrl":"https://s2.dia.es/medias/hdd/h2b/9526598991902.jpg"},{"title":"WIPP EXPRESS detergente máquina líquido gel botella 45 lv","price":"11,45 €","pricePerUnit":"(0,29 €/Lavado)","imgUrl":"https://s0.dia.es/medias/hef/h91/9652399669278.jpg"},{"title":"WIPP EXPRESS detergente máquina líquido limpio y liso botella 31 lv","price":"8,69 €","pricePerUnit":"(0,28 €/Lavado)","imgUrl":"https://s1.dia.es/medias/h43/h42/9567189663774.jpg"}]},"prendas-delicadas":{"categoryUrl":"/compra-online/productos/drogueria-y-limpieza/cuidado-ropa-detergente/prendas-delicadas/c/WEB.011.100.00624","products":[{"title":"DIA detergente a mano y máquina líquido pieles sensibles botella 66 lv","price":"4,13 €","pricePerUnit":"(0,06 €/Lavado)","imgUrl":"https://s1.dia.es/medias/hcc/hd7/8868009377822.png"},{"title":"DIA detergente líquido prendas delicadas a mano y a máquina botella 2 lt","price":"2,49 €","pricePerUnit":"(2,49 €/ud.)","imgUrl":"https://s2.dia.es/medias/h94/h63/8856370872350.png"},{"title":"FLOPP detergente máquina ropa bebé en cápsulas 40 uds","price":"9,99 €","pricePerUnit":"(0,25 €/Lavado)","imgUrl":"https://s2.dia.es/medias/h73/h60/9572891885598.jpg"},{"title":"FROSCH Baby detergente máquina líquido ecológico botella 1.5 lt","price":"6,19 €","pricePerUnit":"(0,29 €/Lavado)","imgUrl":"https://s0.dia.es/medias/hc0/hc3/9664521306142.jpg"},{"title":"NORIT detergente liquido diario botella 40 lv","price":"5,65 €","pricePerUnit":"(0,14 €/Lavado)","imgUrl":"https://s3.dia.es/medias/h89/h7f/9383762133022.jpg"},{"title":"NORIT detergente líquido ropa de color botella 28 lv","price":"4,39 €","pricePerUnit":"(0,16 €/Lavado)","imgUrl":"https://s0.dia.es/medias/hb6/h7f/9256709849118.jpg"},{"title":"PERLAN detergente líquido ropa delicada botella 750 ml","price":"2,39 €","pricePerUnit":"(3,19 €/l.)","imgUrl":"https://s1.dia.es/medias/h84/hc9/9394473336862.jpg"}]},"a-mano-y-jabon-comun":{"categoryUrl":"/compra-online/productos/drogueria-y-limpieza/cuidado-ropa-detergente/a-mano-y-jabon-comun/c/WEB.011.100.00620","products":[{"title":"DIA detergente polvo para lavar a mano caja 600 gr","price":"0,99 €","pricePerUnit":"(0,07 €/Lavado)","imgUrl":"https://s1.dia.es/medias/h0d/h08/9363878019102.jpg"},{"title":"DIA jabón pastilla de glicerina y marsella pack 5 uds","price":"1,89 €","pricePerUnit":"(3,78 €/Kg.)","imgUrl":"https://s3.dia.es/medias/hb8/h14/8959641616414.png"},{"title":"ELEFANTE BLANCO detergente en escamas de jabón puro bolsa 400 gr","price":"2,39 €","pricePerUnit":"(5,98 €/Kg.)","imgUrl":"https://s1.dia.es/medias/h9a/had/8857108054046.png"},{"title":"ELEFANTE BLANCO jabón pastilla de coco 250 gr","price":"2,19 €","pricePerUnit":"(8,76 €/Kg.)","imgUrl":"https://s3.dia.es/medias/h27/h2d/8857122209822.png"},{"title":"GIOR detergente líquido a mano con bicarbonato botella 750 ml","price":"2,49 €","pricePerUnit":"(3,32 €/l.)","imgUrl":"https://s3.dia.es/medias/hf8/h65/9256704278558.jpg"},{"title":"LAGARTO jabón natural pastilla 250 gr","price":"0,77 €","pricePerUnit":"(3,08 €/Kg.)","imgUrl":"https://s2.dia.es/medias/h78/h34/8908910395422.jpg"},{"title":"LAGARTO jabón pastilla natural pack 3 x 200 gr","price":"1,75 €","pricePerUnit":"(2,92 €/Kg.)","imgUrl":"https://s2.dia.es/medias/hc8/h43/9165516832798.jpg"},{"title":"NORIT detergente líquido a mano prendas delicadas tubo 100 ml","price":"1,99 €","pricePerUnit":"(19,90 €/l.)","imgUrl":"https://s3.dia.es/medias/h73/h06/9253119557662.jpg"},{"title":"OMINO BIANCO pastilla jabón marsella 250 gr","price":"2,49 €","pricePerUnit":"(9,96 €/Kg.)","imgUrl":"https://s0.dia.es/medias/h86/hb7/9122531803166.jpg"},{"title":"WIPP EXPRESS detergente en polvo para lavar a mano maleta 500 gr","price":"1,99 €","pricePerUnit":"(3,98 €/Kg.)","imgUrl":"https://s1.dia.es/medias/h80/h64/9519181594654.jpg"}]}},"cuidado-ropa-suavizante":{"name":"Cuidadoropa-suavizante","productTypes":["concentrado","diluido"],"concentrado":{"categoryUrl":"/compra-online/productos/drogueria-y-limpieza/cuidado-ropa-suavizante/concentrado/c/WEB.011.101.00625","products":[{"title":"ASEVI Sensations suavizante concentrado zen botella 60 lv","price":"2,55 €","pricePerUnit":"(2,55 €/ud.)","imgUrl":"https://s3.dia.es/medias/hcd/h56/9583772958750.jpg"},{"title":"ASEVI suavizante concentrado sensitif botella 60 lv","price":"2,19 €","pricePerUnit":"(2,19 €/ud.)","imgUrl":"https://s2.dia.es/medias/hf8/h01/9583788359710.jpg"},{"title":"DIA suavizante concentrado con microcápsulas arrecife de coral botella 80 lv","price":"1,69 €","pricePerUnit":"(1,69 €/ud.)","imgUrl":"https://s2.dia.es/medias/hbf/h00/9364592164894.jpg"},{"title":"DIA suavizante concentrado con microcápsulas caricias de talco botella 80 lv","price":"1,69 €","pricePerUnit":"(1,69 €/ud.)","imgUrl":"https://s1.dia.es/medias/h0e/h6b/9388732284958.jpg"},{"title":"DIA suavizante concentrado con microcápsulas cuarzo rosa botella 80 lv","price":"1,69 €","pricePerUnit":"(1,69 €/ud.)","imgUrl":"https://s3.dia.es/medias/h0a/hca/9364577419294.jpg"},{"title":"DIA suavizante concentrado con microcápsulas nubes de algodón botella 80 lv","price":"1,69 €","pricePerUnit":"(1,69 €/ud.)","imgUrl":"https://s3.dia.es/medias/hae/h07/9521927618590.jpg"},{"title":"DIA suavizante concentrado con microcápsulas oxigeno vital botella 80 lv","price":"1,69 €","pricePerUnit":"(0,85 €/l.)","imgUrl":"https://s2.dia.es/medias/ha1/h30/9388753256478.jpg"},{"title":"DIA suavizante concentrado con microcápsulas violetas de oriente botella 80 lv","price":"1,69 €","pricePerUnit":"(1,69 €/ud.)","imgUrl":"https://s1.dia.es/medias/h59/h12/9364593475614.jpg"},{"title":"DIA suavizante concentrado con microcápsulas ágata verde botella 80 lv","price":"1,69 €","pricePerUnit":"(1,69 €/ud.)","imgUrl":"https://s2.dia.es/medias/h85/h7d/9388759875614.jpg"},{"title":"FLOR suavizante concentrado azul botella 64 lv","price":"3,09 €","pricePerUnit":"(3,09 €/ud.)","imgUrl":"https://s2.dia.es/medias/hcb/h72/9672845066270.jpg"},{"title":"FLOR suavizante concentrado mañanas dulces botella 1408 ml","price":"3,89 €","pricePerUnit":"(2,76 €/l.)","imgUrl":"https://s0.dia.es/medias/h35/hb2/9601602846750.jpg"},{"title":"FLOR suavizante concentrado nenuco botella 64 lv","price":"3,09 €","pricePerUnit":"(3,09 €/ud.)","imgUrl":"https://s3.dia.es/medias/hee/h15/9672848343070.jpg"},{"title":"FLOR suavizante concentrado rubi y pétalos de jazmín botella 70 lv","price":"3,89 €","pricePerUnit":"(0,06 €/Lavado)","imgUrl":"https://s3.dia.es/medias/hbf/h60/9672850374686.jpg"},{"title":"FLOR suavizante concentrado talco botella 64 lv","price":"3,85 €","pricePerUnit":"(0,06 €/Lavado)","imgUrl":"https://s2.dia.es/medias/h54/h29/9601612742686.jpg"},{"title":"FROSCH Baby suavizante concentrado botella 30 lv","price":"2,25 €","pricePerUnit":"(0,07 €/Lavado)","imgUrl":"https://s0.dia.es/medias/h41/h2d/9642263543838.jpg"},{"title":"FROSCH suavizante concentrado almendra botella 31 lv","price":"2,25 €","pricePerUnit":"(0,07 €/Lavado)","imgUrl":"https://s0.dia.es/medias/h06/h05/9641232171038.jpg"},{"title":"FROSCH suavizante concentrado flor de algodón botella 31 lv","price":"2,25 €","pricePerUnit":"(0,07 €/Lavado)","imgUrl":"https://s1.dia.es/medias/h46/h94/9641212706846.jpg"},{"title":"LENOR suavizante concentrado frescor 42 lv","price":"2,49 €","pricePerUnit":"(0,06 €/Lavado)","imgUrl":"https://s0.dia.es/medias/h73/hab/9525620998174.jpg"},{"title":"MAYORDOMO suavizante concentrado capricho botella 72 lv","price":"2,05 €","pricePerUnit":"(2,05 €/ud.)","imgUrl":"https://s3.dia.es/medias/h40/hea/9139956121630.jpg"},{"title":"MAYORDOMO suavizante concentrado rosa rubí botella 72 lv","price":"2,05 €","pricePerUnit":"(2,05 €/ud.)","imgUrl":"https://s2.dia.es/medias/h71/h8b/9139924795422.jpg"},{"title":"MIMOSÍN suavizante concentrado aloe vera botella 58 lv","price":"2,89 €","pricePerUnit":"(2,89 €/ud.)","imgUrl":"https://s3.dia.es/medias/h9a/h8d/9587070697502.jpg"},{"title":"MIMOSÍN suavizante concentrado azul vital botella 160 lv","price":"6,99 €","pricePerUnit":"(1,75 €/l.)","imgUrl":"https://s2.dia.es/medias/hcb/h95/9678771257374.jpg"},{"title":"MIMOSÍN suavizante concentrado azul vital botella 58 lv","price":"2,89 €","pricePerUnit":"(2,89 €/ud.)","imgUrl":"https://s2.dia.es/medias/h20/h34/9678823489566.jpg"},{"title":"MIMOSÍN suavizante concentrado caricias botella 58 lv","price":"2,89 €","pricePerUnit":"(2,89 €/ud.)","imgUrl":"https://s3.dia.es/medias/h7b/hef/9678823161886.jpg"},{"title":"SAN suavizante concentrado esencia para recordar botella 60 lv","price":"2,19 €","pricePerUnit":"(2,19 €/ud.)","imgUrl":"https://s3.dia.es/medias/h73/hf1/9396563542046.jpg"},{"title":"SAN suavizante concentrado talco rosa botella 60 lv","price":"2,19 €","pricePerUnit":"(2,19 €/ud.)","imgUrl":"https://s2.dia.es/medias/hb2/h18/8855769219102.png"},{"title":"VERNEL suavizante concentrado azul botella 57 lv","price":"2,79 €","pricePerUnit":"(2,79 €/ud.)","imgUrl":"https://s3.dia.es/medias/h04/h7f/9527678173214.jpg"},{"title":"VERNEL suavizante concentrado cielo azul botella 76 lv","price":"3,65 €","pricePerUnit":"(3,65 €/ud.)","imgUrl":"https://s0.dia.es/medias/h42/h27/9527651467294.jpg"},{"title":"VERNEL suavizante concentrado delicado botella 57 lv","price":"2,79 €","pricePerUnit":"(2,79 €/ud.)","imgUrl":"https://s3.dia.es/medias/hcf/hd3/9527658020894.jpg"},{"title":"VERNEL suavizante concentrado delicado botella 76 lv","price":"3,65 €","pricePerUnit":"(3,65 €/ud.)","imgUrl":"https://s0.dia.es/medias/h73/h1a/9527641636894.jpg"},{"title":"VERNEL suavizante concentrado secretos de bienestar botella 76 lv","price":"3,89 €","pricePerUnit":"(0,05 €/Lavado)","imgUrl":"https://s0.dia.es/medias/h08/h6a/9527641964574.jpg"},{"title":"VERNEL Supreme suavizante concentrado glamour botella 600 ml","price":"2,95 €","pricePerUnit":"(4,92 €/l.)","imgUrl":"https://s3.dia.es/medias/h99/h3b/9216221577246.jpg"},{"title":"VERNEL Supreme suavizante concentrado romance botella 600 ml","price":"2,95 €","pricePerUnit":"(4,92 €/l.)","imgUrl":"https://s3.dia.es/medias/h1f/h1c/9216220921886.jpg"}]},"diluido":{"categoryUrl":"/compra-online/productos/drogueria-y-limpieza/cuidado-ropa-suavizante/diluido/c/WEB.011.101.00626","products":[{"title":"DIA suavizante diluido colonia botella 45 lv","price":"2,29 €","pricePerUnit":"(0,05 €/Lavado)","imgUrl":"https://s0.dia.es/medias/h48/h29/9086144053278.jpg"},{"title":"DIA suavizante diluido oxígeno vital  botella 45 lv","price":"2,19 €","pricePerUnit":"(2,19 €/ud.)","imgUrl":"https://s3.dia.es/medias/h40/hd7/8855801790494.png"}]}},"cuidado-ropa-complementos":{"name":"Cuidadoropa-complementos","productTypes":["aditivos-para-el-lavado","lejia-para-ropa","quitamanchas"],"aditivos-para-el-lavado":{"categoryUrl":"/compra-online/productos/drogueria-y-limpieza/cuidado-ropa-complementos/aditivos-para-el-lavado/c/WEB.011.102.00627","products":[{"title":"CALGON descalcificador de lavadora en pastillas caja 15 ud","price":"6,99 €","pricePerUnit":"(0,47 €/ud.)","imgUrl":"https://s1.dia.es/medias/h8c/h6e/9601691648030.jpg"},{"title":"CALGON detergente máquina gel 2 en 1 botella 750 ml","price":"6,99 €","pricePerUnit":"(9,32 €/l.)","imgUrl":"https://s1.dia.es/medias/h69/h3a/9601673560094.jpg"},{"title":"CALGON gel 2 en 1 antical botella 2.25 lt","price":"17,19 €","pricePerUnit":"(7,64 €/l.)","imgUrl":"https://s1.dia.es/medias/h17/hc1/9601812987934.jpg"},{"title":"CALGÓN 2 en 1 pastillas 45 uds","price":"17,19 €","pricePerUnit":"(0,38 €/ud.)","imgUrl":"https://s2.dia.es/medias/ha6/h06/9601776156702.jpg"},{"title":"COLON limpia lavadora caja 250 ml","price":"3,85 €","pricePerUnit":"(15,40 €/l.)","imgUrl":"https://s3.dia.es/medias/h34/h6e/9601689026590.jpg"},{"title":"DIA descalcificador de lavadora en pastillas caja 16 ud","price":"1,59 €","pricePerUnit":"(0,10 €/ud.)","imgUrl":"https://s1.dia.es/medias/h89/h8e/9497446285342.jpg"},{"title":"DIA eliminador de olores para tejidos pistola 500 ml","price":"1,89 €","pricePerUnit":"(3,78 €/l.)","imgUrl":"https://s2.dia.es/medias/h74/h2e/9108878589982.jpg"},{"title":"DIA gel antical para lavadoras botella 750 ml","price":"1,69 €","pricePerUnit":"(2,25 €/l.)","imgUrl":"https://s3.dia.es/medias/h6b/hf3/8853606465566.png"},{"title":"DIA toallitas anti desteñidos de ropa caja 20 uds","price":"2,09 €","pricePerUnit":"(0,10 €/ud.)","imgUrl":"https://s3.dia.es/medias/hd1/h6d/9118403297310.jpg"},{"title":"DIRANZO percarbonato blanqueador caja 750 gr","price":"1,69 €","pricePerUnit":"(3,38 €/Kg.)","imgUrl":"https://s1.dia.es/medias/hfc/h0a/9093446729758.jpg"},{"title":"IBERIA Blanco nuclear blanqueador todo tipo de tejidos caja 120 gr","price":"2,39 €","pricePerUnit":"(0,40 €/ud.)","imgUrl":"https://s1.dia.es/medias/h82/hb8/9100289638430.jpg"},{"title":"IBERIA Protect toallitas captura colores caja 25 uds","price":"5,15 €","pricePerUnit":"(0,21 €/ud.)","imgUrl":"https://s1.dia.es/medias/h22/h3a/9348728651806.jpg"},{"title":"IBERIA Soluciona blanqueador de cortinas bolsa 150 ml","price":"1,59 €","pricePerUnit":"(1,59 €/ud.)","imgUrl":"https://s0.dia.es/medias/h6c/h8c/9096493760542.jpg"},{"title":"IBERIA Soluciona elimina desteñidos accidentales caja 200 gr","price":"4,39 €","pricePerUnit":"(21,95 €/l.)","imgUrl":"https://s2.dia.es/medias/h3e/h1b/9256735277086.jpg"},{"title":"IBERIA tinte color azul marino no destiñe a 40 º C caja 1 ud","price":"2,45 €","pricePerUnit":"(2,45 €/ud.)","imgUrl":"https://s2.dia.es/medias/hb3/h99/9256701329438.jpg"},{"title":"IBERIA tinte color negro no destiñe a 40 º C caja 1 ud","price":"2,45 €","pricePerUnit":"(2,45 €/ud.)","imgUrl":"https://s3.dia.es/medias/h64/haf/9256715616286.jpg"},{"title":"IBERIA tinte color rojo no destiñe a 40 º C caja 1 ud","price":"2,45 €","pricePerUnit":"(2,45 €/ud.)","imgUrl":"https://s0.dia.es/medias/h53/h48/9256711487518.jpg"},{"title":"IBERIA tinte color verde oscuro no destiñe a 40 º C caja 1 ud","price":"2,45 €","pricePerUnit":"(2,45 €/ud.)","imgUrl":"https://s1.dia.es/medias/hd7/hb4/9256716271646.jpg"},{"title":"MIMOSÍN agua de plancha vaporesse botella 1 lt","price":"1,69 €","pricePerUnit":"(1,69 €/l.)","imgUrl":"https://s3.dia.es/medias/hcf/h0c/9621702475806.jpg"},{"title":"QUICESA agua destilada botella 2 lt","price":"1,00 €","pricePerUnit":"(0,50 €/l.)","imgUrl":"https://s0.dia.es/medias/h57/hf1/9095911243806.jpg"},{"title":"QUICESA agua destilada botella 5 lt","price":"1,95 €","pricePerUnit":"(0,39 €/l.)","imgUrl":"https://s2.dia.es/medias/h21/hb8/8856996118558.png"},{"title":"SAN toallitas suavizantes para secadora envase 40 uds","price":"2,95 €","pricePerUnit":"(0,07 €/ud.)","imgUrl":"https://s1.dia.es/medias/h38/haa/9561295716382.jpg"},{"title":"SANYTOL aditivo desinfectante textil botella 500 ml","price":"2,69 €","pricePerUnit":"(2,69 €/ud.)","imgUrl":"https://s0.dia.es/medias/h11/ha1/9039645114398.jpg"},{"title":"TOKE apresto instantáneo 2 en 1 elimina las arrugas spray 500 ml","price":"4,29 €","pricePerUnit":"(8,58 €/l.)","imgUrl":"https://s2.dia.es/medias/hdc/h53/9086063443998.jpg"}]},"lejia-para-ropa":{"categoryUrl":"/compra-online/productos/drogueria-y-limpieza/cuidado-ropa-complementos/lejia-para-ropa/c/WEB.011.102.00628","products":[{"title":"DIA lejía ropa densa perfumada botella 2 lt","price":"0,93 €","pricePerUnit":"(0,47 €/l.)","imgUrl":"https://s1.dia.es/medias/he9/h50/8899477536798.png"},{"title":"DIA lejía ropa perfumada botella 2 lt","price":"0,99 €","pricePerUnit":"(0,50 €/l.)","imgUrl":"https://s1.dia.es/medias/h87/hfc/9394930548766.jpg"},{"title":"NEUTREX lejía botella 2 lt","price":"1,69 €","pricePerUnit":"(0,85 €/l.)","imgUrl":"https://s3.dia.es/medias/h69/h1e/9216481820702.jpg"},{"title":"NEUTREX lejía densa futura botella 2 lt","price":"1,75 €","pricePerUnit":"(0,88 €/l.)","imgUrl":"https://s3.dia.es/medias/h52/hf7/9216259325982.jpg"},{"title":"NEUTREX lejía suave con sales naturales botella 2 lt","price":"1,89 €","pricePerUnit":"(0,95 €/l.)","imgUrl":"https://s1.dia.es/medias/h99/h61/9216331481118.jpg"}]},"quitamanchas":{"categoryUrl":"/compra-online/productos/drogueria-y-limpieza/cuidado-ropa-complementos/quitamanchas/c/WEB.011.102.00629","products":[{"title":"CEBRALIN quitamanchas experto en seco spray 200 ml","price":"3,19 €","pricePerUnit":"(15,95 €/l.)","imgUrl":"https://s2.dia.es/medias/he5/ha1/9591319199774.jpg"},{"title":"DETERSOLÍN crema a mano y máquina quitamanchas aroma marsella tarro 500 gr","price":"1,95 €","pricePerUnit":"(3,90 €/Kg.)","imgUrl":"https://s0.dia.es/medias/h0d/h78/9242143916062.jpg"},{"title":"DIA quitamanchas con oxígeno activo para ropa blanca bote 1 kg","price":"2,99 €","pricePerUnit":"(2,99 €/Kg.)","imgUrl":"https://s1.dia.es/medias/h7f/hf3/8959517556766.png"},{"title":"DIA quitamanchas con oxígeno activo para ropa de color bote 1 Kg","price":"2,99 €","pricePerUnit":"(2,99 €/Kg.)","imgUrl":"https://s1.dia.es/medias/h89/h19/8959515590686.png"},{"title":"DIA quitamanchas en polvo maleta 1 kg","price":"1,76 €","pricePerUnit":"(1,76 €/Kg.)","imgUrl":"https://s1.dia.es/medias/h2b/h9a/9300142850078.jpg"},{"title":"DIA quitamanchas pistola 1 lt","price":"2,01 €","pricePerUnit":"(2,01 €/l.)","imgUrl":"https://s1.dia.es/medias/h66/h59/9334547349534.jpg"},{"title":"FROSCH Baby quitamanchas pistola 500 ml","price":"3,59 €","pricePerUnit":"(7,18 €/l.)","imgUrl":"https://s2.dia.es/medias/h36/h6b/9664344555550.jpg"},{"title":"IBERIA Blanco nuclear quitamanchas + blanqueador botella 500 ml","price":"2,59 €","pricePerUnit":"(5,18 €/l.)","imgUrl":"https://s0.dia.es/medias/hd9/h38/9256689860638.jpg"},{"title":"NEUTREX gel quitamanchas oxy blanco puro sin lejía botella 1.6 lt","price":"3,59 €","pricePerUnit":"(2,24 €/l.)","imgUrl":"https://s0.dia.es/medias/h37/h38/9343538200606.jpg"},{"title":"NEUTREX gel quitamanchas oxy5 color sin lejía botella 1.6 lt","price":"3,59 €","pricePerUnit":"(2,24 €/l.)","imgUrl":"https://s0.dia.es/medias/h91/h66/9343524536350.jpg"},{"title":"NEUTREX gel quitamanchas oxy5 color sin lejía botella 800 ml","price":"1,77 €","pricePerUnit":"(2,21 €/l.)","imgUrl":"https://s2.dia.es/medias/hbf/h39/9216231735326.jpg"},{"title":"NEUTREX quitamanchas oxy blanco puro sin lejía 588 gr","price":"3,85 €","pricePerUnit":"(6,55 €/Kg.)","imgUrl":"https://s0.dia.es/medias/h6d/h45/9216450625566.jpg"},{"title":"NEUTREX quitamanchas oxy5 color sin lejía 588 gr","price":"3,85 €","pricePerUnit":"(6,55 €/Kg.)","imgUrl":"https://s2.dia.es/medias/h21/hb4/9216346554398.jpg"},{"title":"NEUTREX Transpirex solución contra manchas pistola 600 ml","price":"3,89 €","pricePerUnit":"(6,48 €/l.)","imgUrl":"https://s0.dia.es/medias/h44/h57/9216343277598.jpg"},{"title":"SANYTOL quitamanchas desinfectante bote 450 gr","price":"4,99 €","pricePerUnit":"(11,09 €/Kg.)","imgUrl":"https://s0.dia.es/medias/h0e/h95/9276026454046.jpg"},{"title":"VANISH Gold oxi action gel quitamanchas para ropa botella 940 ml","price":"6,99 €","pricePerUnit":"(7,44 €/l.)","imgUrl":"https://s0.dia.es/medias/hfc/hd7/9216329842718.jpg"},{"title":"VANISH Gold oxi action quitamanchas blanqueador para ropa bote 470 gr","price":"6,99 €","pricePerUnit":"(14,87 €/Kg.)","imgUrl":"https://s1.dia.es/medias/h1f/h84/9216282984478.jpg"},{"title":"VANISH Gold oxi action quitamanchas para ropa bote 470 gr","price":"6,99 €","pricePerUnit":"(14,87 €/Kg.)","imgUrl":"https://s3.dia.es/medias/h3a/hf1/9216394199070.jpg"},{"title":"VANISH Oxi action gel quitamanchas para ropa blanca botella 1 lt","price":"4,99 €","pricePerUnit":"(5,54 €/l.)","imgUrl":"https://s1.dia.es/medias/h4b/h93/9658947797022.jpg"},{"title":"VANISH Oxi action quitamanchas en gel botella 1 lt","price":"4,60 €","pricePerUnit":"(5,11 €/l.)","imgUrl":"https://s0.dia.es/medias/hc2/ha0/9601558478878.jpg"},{"title":"VANISH Oxi action quitamanchas para ropa blanca bote 500 gr","price":"4,85 €","pricePerUnit":"(9,70 €/Kg.)","imgUrl":"https://s1.dia.es/medias/h0d/h81/9601613398046.jpg"},{"title":"VANISH Oxi action quitamanchas para ropa de color bote 500 gr","price":"4,85 €","pricePerUnit":"(9,70 €/Kg.)","imgUrl":"https://s1.dia.es/medias/h01/hff/9601578795038.jpg"},{"title":"VANISH quitamanchas líquido botella 1 lt","price":"2,25 €","pricePerUnit":"(2,25 €/l.)","imgUrl":"https://s0.dia.es/medias/h98/hce/9601933705246.jpg"},{"title":"VANISH quitamanchas para ropa blanca y de color caja 600 gr","price":"1,99 €","pricePerUnit":"(3,32 €/Kg.)","imgUrl":"https://s2.dia.es/medias/h53/h7f/9600443678750.jpg"},{"title":"VANISH quitamanchas powergel bote 200 ml","price":"3,99 €","pricePerUnit":"(19,95 €/l.)","imgUrl":"https://s1.dia.es/medias/h11/h31/9600438435870.jpg"}]}},"insecticidas":{"name":"Insecticidas","productTypes":["antipolillas-y-carcoma","caminantes","hogar-y-plantas","voladores","repelentes","electricos"],"antipolillas-y-carcoma":{"categoryUrl":"/compra-online/productos/drogueria-y-limpieza/insecticidas/antipolillas-y-carcoma/c/WEB.011.103.00630","products":[{"title":"CARCOMIN insecticida spray 250 ml","price":"4,79 €","pricePerUnit":"(19,16 €/l.)","imgUrl":"https://s2.dia.es/medias/h1d/h86/9519199682590.jpg"},{"title":"DIA colgador antipolillas perfume lavanda paquete 2 uds","price":"1,43 €","pricePerUnit":"(0,72 €/ud.)","imgUrl":"https://s0.dia.es/medias/h9d/h69/8959636209694.png"},{"title":"DIA pastillas antipolillas aroma ropa limpia bolsa 24 uds","price":"1,40 €","pricePerUnit":"(0,06 €/ud.)","imgUrl":"https://s3.dia.es/medias/ha6/h23/9127029407774.jpg"},{"title":"DIA pastillas antipolillas perfume lavanda paquete 20 + 4 uds","price":"1,45 €","pricePerUnit":"(0,06 €/ud.)","imgUrl":"https://s3.dia.es/medias/ha6/hb4/9158104612894.jpg"},{"title":"ORION bolas antipolillas lavanda bolsa 20 uds","price":"2,39 €","pricePerUnit":"(0,12 €/ud.)","imgUrl":"https://s1.dia.es/medias/hed/hc4/9256709521438.jpg"},{"title":"ORION Fragance pinzas antipolillas aroma ropa limpia bolsa 2 uds","price":"2,25 €","pricePerUnit":"(1,13 €/ud.)","imgUrl":"https://s2.dia.es/medias/hda/h58/9508904009758.jpg"},{"title":"ORION Fragance pinzas antipolillas aroma vainilla bolsa 2 uds","price":"2,19 €","pricePerUnit":"(1,10 €/ud.)","imgUrl":"https://s2.dia.es/medias/h42/h98/9256709193758.jpg"},{"title":"ORION pinzas antipolillas aroma limón bolsa 2 uds","price":"2,10 €","pricePerUnit":"(1,05 €/ud.)","imgUrl":"https://s0.dia.es/medias/haa/h49/8946480939038.png"},{"title":"ORION pinzas atrapaolores antipolillas bolsa 2 uds","price":"2,79 €","pricePerUnit":"(1,40 €/ud.)","imgUrl":"https://s3.dia.es/medias/h0a/h21/9256753627166.jpg"},{"title":"POLIL colgador antipolillas perfume lavanda fresca paquete 2 uds","price":"2,52 €","pricePerUnit":"(1,26 €/ud.)","imgUrl":"https://s1.dia.es/medias/h73/h5a/9091172204574.jpg"},{"title":"POLIL pastillas antipolillas aroma lavanda bolsa 24 uds","price":"2,55 €","pricePerUnit":"(0,11 €/ud.)","imgUrl":"https://s2.dia.es/medias/hc9/h8c/8904327659550.jpg"},{"title":"POLIL trampa detectora de polillas de los alimentos caja 2 + 1 uds","price":"5,49 €","pricePerUnit":"(1,83 €/ud.)","imgUrl":"https://s0.dia.es/medias/hb6/h8b/8906939400222.jpg"},{"title":"ZUM antipolillas spray 300 ml","price":"5,59 €","pricePerUnit":"(18,63 €/l.)","imgUrl":"https://s0.dia.es/medias/hfa/hd1/8856977768478.png"},{"title":"ZUM antiácaros spray 300 ml","price":"4,99 €","pricePerUnit":"(16,63 €/l.)","imgUrl":"https://s2.dia.es/medias/ha3/hd0/8857093373982.png"}]},"caminantes":{"categoryUrl":"/compra-online/productos/drogueria-y-limpieza/insecticidas/caminantes/c/WEB.011.103.00631","products":[{"title":"BAYGON insecticida para cucarachas y hormigas spray 600 ml","price":"7,99 €","pricePerUnit":"(13,32 €/l.)","imgUrl":"https://s0.dia.es/medias/h09/h5c/8906424221726.jpg"},{"title":"BIO KILL insecticida cucarachas y hormigas pistola 500 ml","price":"4,99 €","pricePerUnit":"(9,98 €/l.)","imgUrl":"https://s2.dia.es/medias/h20/h24/9680287531038.jpg"},{"title":"CASA JARDÍN insecticida rastreros spray 250 ml","price":"5,89 €","pricePerUnit":"(23,56 €/l.)","imgUrl":"https://s1.dia.es/medias/h97/he3/9680478863390.jpg"},{"title":"CUCAL insecticida trampa cucarachas caja 6 uds","price":"5,05 €","pricePerUnit":"(0,63 €/ud.)","imgUrl":"https://s0.dia.es/medias/h3d/ha7/9290375954462.jpg"},{"title":"DIA insecticida concentrado cucaracha spray 400 ml","price":"1,98 €","pricePerUnit":"(4,95 €/l.)","imgUrl":"https://s2.dia.es/medias/h40/h8d/9100267094046.jpg"},{"title":"RATSUL raticida cebo granulado antiroedores caja 400 gr","price":"4,62 €","pricePerUnit":"(11,55 €/Kg.)","imgUrl":"https://s2.dia.es/medias/hff/hba/9680287858718.jpg"},{"title":"ZUM insecticida chinches y pulgas spray 300 ml","price":"7,15 €","pricePerUnit":"(23,83 €/l.)","imgUrl":"https://s3.dia.es/medias/h1e/h58/8858367623198.png"},{"title":"ZUM insectidida cucarachas spray 300 ml","price":"4,99 €","pricePerUnit":"(16,63 €/l.)","imgUrl":"https://s0.dia.es/medias/h47/hf5/8855883513886.png"},{"title":"ZUM laca insecticida un año sin insectos spray 600 ml","price":"8,59 €","pricePerUnit":"(14,32 €/l.)","imgUrl":"https://s2.dia.es/medias/h65/h88/8857983451166.png"},{"title":"ZUM trampa para cucarachas 1 ud","price":"2,75 €","pricePerUnit":"(2,75 €/ud.)","imgUrl":"https://s1.dia.es/medias/h19/h9b/8857026527262.png"}]},"hogar-y-plantas":{"categoryUrl":"/compra-online/productos/drogueria-y-limpieza/insecticidas/hogar-y-plantas/c/WEB.011.103.00633","products":[{"title":"CASA JARDÍN insecticida para el hogar aroma lavanda spray 750 ml","price":"3,39 €","pricePerUnit":"(4,52 €/l.)","imgUrl":"https://s3.dia.es/medias/hf5/hd6/9680288186398.jpg"},{"title":"COOPER ZZ insecticida doméstico en polvo bote 200 gr","price":"3,49 €","pricePerUnit":"(17,45 €/Kg.)","imgUrl":"https://s3.dia.es/medias/h3b/h71/9680289824798.jpg"},{"title":"DIA insecticida CoP1 para insectos voladores spray 400 ml","price":"2,05 €","pricePerUnit":"(5,12 €/l.)","imgUrl":"https://s1.dia.es/medias/hf8/hab/9242140049438.jpg"},{"title":"DIA insecticida VP3 para insectos voladores spray 750 ml","price":"1,75 €","pricePerUnit":"(2,33 €/l.)","imgUrl":"https://s2.dia.es/medias/hf6/h7e/9051965390878.jpg"},{"title":"RAID insecticida hogar e interiores spray 600 ml","price":"2,99 €","pricePerUnit":"(4,98 €/l.)","imgUrl":"https://s1.dia.es/medias/h91/he2/9096250884126.jpg"},{"title":"ZUM insecticida fregasuelos todo tipo de suelos botella 1 lt","price":"8,29 €","pricePerUnit":"(8,29 €/l.)","imgUrl":"https://s1.dia.es/medias/h87/h98/8858376601630.png"}]},"voladores":{"categoryUrl":"/compra-online/productos/drogueria-y-limpieza/insecticidas/voladores/c/WEB.011.103.00635","products":[{"title":"AUTAN repelente de mosquitos vaporizador 100 ml","price":"6,99 €","pricePerUnit":"(69,90 €/l.)","imgUrl":"https://s1.dia.es/medias/h9d/h49/8913671258142.jpg"},{"title":"BLOOM insecticida eléctrico anti mosquitos recambio 1 ud","price":"3,59 €","pricePerUnit":"(3,59 €/ud.)","imgUrl":"https://s1.dia.es/medias/hc3/h36/9519215738910.jpg"},{"title":"BLOOM Max insecticida antimosquitos spray 400 ml","price":"3,47 €","pricePerUnit":"(8,68 €/l.)","imgUrl":"https://s0.dia.es/medias/he8/h76/9519123726366.jpg"},{"title":"BLOOM Max insecticida eléctrico anti mosca y mosquitos aparato + 2 recabios","price":"6,99 €","pricePerUnit":"(6,99 €/ud.)","imgUrl":"https://s2.dia.es/medias/h19/h01/9519161081886.jpg"},{"title":"CASA JARDIN insecticida hogar perfume rosas spray 750 ml","price":"3,59 €","pricePerUnit":"(4,79 €/l.)","imgUrl":"https://s2.dia.es/medias/hb7/hf9/9680513990686.jpg"},{"title":"DIA insecticida CoP2 para insectos voladores spray 400 ml","price":"1,85 €","pricePerUnit":"(4,63 €/l.)","imgUrl":"https://s1.dia.es/medias/hc4/h2f/9242154401822.jpg"},{"title":"DIA insecticida Preval para insectos voladores spray 750 ml","price":"1,85 €","pricePerUnit":"(2,47 €/l.)","imgUrl":"https://s2.dia.es/medias/h54/hca/9100252741662.jpg"},{"title":"FOGO insecticida anti moscas y mosquitos 750 ml","price":"3,29 €","pricePerUnit":"(4,39 €/l.)","imgUrl":"https://s0.dia.es/medias/h57/h99/8855747592222.png"},{"title":"FOGO insecticida eléctrico antimosquitos difusor + 10 pastillas caja 1 ud","price":"3,95 €","pricePerUnit":"(3,95 €/ud.)","imgUrl":"https://s1.dia.es/medias/h4f/hb5/8855812210718.png"},{"title":"FOGO insecticida eléctrico antimosquitos recambio caja 30 pastillas","price":"2,39 €","pricePerUnit":"(0,08 €/ud.)","imgUrl":"https://s0.dia.es/medias/h27/h4a/8856014585886.png"},{"title":"KILL PAFF insecticida eléctrico antimosquitos recambio 2 uds","price":"4,99 €","pricePerUnit":"(2,50 €/ud.)","imgUrl":"https://s2.dia.es/medias/h53/h3a/9587759579166.jpg"},{"title":"RAID insecticida eléctrico antimosquitos recambio caja 2 uds","price":"6,99 €","pricePerUnit":"(3,50 €/ud.)","imgUrl":"https://s1.dia.es/medias/hb2/h44/8904110178334.jpg"},{"title":"RAID insecticida moscas y mosquitos aerosol 600ml","price":"3,31 €","pricePerUnit":"(5,52 €/l.)","imgUrl":"https://s1.dia.es/medias/he9/he6/8913595301918.jpg"},{"title":"RAID Night&day insecticida eléctrico antimosquitos difusor + recambio caja 1 ud","price":"5,35 €","pricePerUnit":"(178,33 €/Kg.)","imgUrl":"https://s1.dia.es/medias/hcc/h4d/9114702315550.jpg"},{"title":"ZUM Fly insectida para avispas y otros insectos voladores spray 400 ml","price":"5,99 €","pricePerUnit":"(14,98 €/l.)","imgUrl":"https://s1.dia.es/medias/h5b/hdc/8857165594654.png"}]},"repelentes":{"categoryUrl":"/compra-online/productos/drogueria-y-limpieza/insecticidas/repelentes/c/WEB.011.103.00634","products":[{"title":"AUTAN repelente de mosquitos vaporizador 100 ml","price":"6,99 €","pricePerUnit":"(69,90 €/l.)","imgUrl":"https://s1.dia.es/medias/h9d/h49/8913671258142.jpg"},{"title":"BAYGON insecticida para cucarachas y hormigas spray 600 ml","price":"7,99 €","pricePerUnit":"(13,32 €/l.)","imgUrl":"https://s0.dia.es/medias/h09/h5c/8906424221726.jpg"},{"title":"BIO KILL insecticida cucarachas y hormigas pistola 500 ml","price":"4,99 €","pricePerUnit":"(9,98 €/l.)","imgUrl":"https://s2.dia.es/medias/h20/h24/9680287531038.jpg"},{"title":"BLOOM insecticida eléctrico anti mosquitos recambio 1 ud","price":"3,59 €","pricePerUnit":"(3,59 €/ud.)","imgUrl":"https://s1.dia.es/medias/hc3/h36/9519215738910.jpg"},{"title":"BLOOM insecticida eléctrico antimosquitos aparato + 2 recambios","price":"5,95 €","pricePerUnit":"(5,95 €/ud.)","imgUrl":"https://s0.dia.es/medias/h30/h30/9519202304030.jpg"},{"title":"BLOOM Max insecticida antimosquitos spray 400 ml","price":"3,47 €","pricePerUnit":"(8,68 €/l.)","imgUrl":"https://s0.dia.es/medias/he8/h76/9519123726366.jpg"},{"title":"BLOOM Max insecticida eléctrico anti mosca y mosquitos aparato + 2 recabios","price":"6,99 €","pricePerUnit":"(6,99 €/ud.)","imgUrl":"https://s2.dia.es/medias/h19/h01/9519161081886.jpg"},{"title":"CARCOMIN insecticida spray 250 ml","price":"4,79 €","pricePerUnit":"(19,16 €/l.)","imgUrl":"https://s2.dia.es/medias/h1d/h86/9519199682590.jpg"},{"title":"CASA JARDIN insecticida hogar perfume rosas spray 750 ml","price":"3,59 €","pricePerUnit":"(4,79 €/l.)","imgUrl":"https://s2.dia.es/medias/hb7/hf9/9680513990686.jpg"},{"title":"CASA JARDÍN insecticida para el hogar aroma lavanda spray 750 ml","price":"3,39 €","pricePerUnit":"(4,52 €/l.)","imgUrl":"https://s3.dia.es/medias/hf5/hd6/9680288186398.jpg"},{"title":"CASA JARDÍN insecticida rastreros spray 250 ml","price":"5,89 €","pricePerUnit":"(23,56 €/l.)","imgUrl":"https://s1.dia.es/medias/h97/he3/9680478863390.jpg"},{"title":"COOPER ZZ insecticida doméstico en polvo bote 200 gr","price":"3,49 €","pricePerUnit":"(17,45 €/Kg.)","imgUrl":"https://s3.dia.es/medias/h3b/h71/9680289824798.jpg"},{"title":"CUCAL insecticida trampa cucarachas caja 6 uds","price":"5,05 €","pricePerUnit":"(0,63 €/ud.)","imgUrl":"https://s0.dia.es/medias/h3d/ha7/9290375954462.jpg"},{"title":"DIA colgador antipolillas perfume lavanda paquete 2 uds","price":"1,43 €","pricePerUnit":"(0,72 €/ud.)","imgUrl":"https://s0.dia.es/medias/h9d/h69/8959636209694.png"},{"title":"DIA insecticida concentrado cucaracha spray 400 ml","price":"1,98 €","pricePerUnit":"(4,95 €/l.)","imgUrl":"https://s2.dia.es/medias/h40/h8d/9100267094046.jpg"},{"title":"DIA insecticida CoP1 para insectos voladores spray 400 ml","price":"2,05 €","pricePerUnit":"(5,12 €/l.)","imgUrl":"https://s1.dia.es/medias/hf8/hab/9242140049438.jpg"},{"title":"DIA insecticida CoP2 para insectos voladores spray 400 ml","price":"1,85 €","pricePerUnit":"(4,63 €/l.)","imgUrl":"https://s1.dia.es/medias/hc4/h2f/9242154401822.jpg"},{"title":"DIA insecticida Preval para insectos voladores spray 750 ml","price":"1,85 €","pricePerUnit":"(2,47 €/l.)","imgUrl":"https://s2.dia.es/medias/h54/hca/9100252741662.jpg"},{"title":"DIA insecticida voladores eléctrico aparato + recambio 1 ud","price":"4,19 €","pricePerUnit":"(4,19 €/ud.)","imgUrl":"https://s3.dia.es/medias/h43/hc6/8959682740254.png"},{"title":"DIA insecticida voladores eléctrico recambio 2 ud","price":"3,79 €","pricePerUnit":"(84,22 €/l.)","imgUrl":"https://s0.dia.es/medias/h75/h30/9100200509470.jpg"},{"title":"DIA insecticida VP3 para insectos voladores spray 750 ml","price":"1,75 €","pricePerUnit":"(2,33 €/l.)","imgUrl":"https://s2.dia.es/medias/hf6/h7e/9051965390878.jpg"},{"title":"DIA pastillas antipolillas aroma ropa limpia bolsa 24 uds","price":"1,40 €","pricePerUnit":"(0,06 €/ud.)","imgUrl":"https://s3.dia.es/medias/ha6/h23/9127029407774.jpg"},{"title":"DIA pastillas antipolillas perfume lavanda paquete 20 + 4 uds","price":"1,45 €","pricePerUnit":"(0,06 €/ud.)","imgUrl":"https://s3.dia.es/medias/ha6/hb4/9158104612894.jpg"},{"title":"FOGO insecticida anti moscas y mosquitos 750 ml","price":"3,29 €","pricePerUnit":"(4,39 €/l.)","imgUrl":"https://s0.dia.es/medias/h57/h99/8855747592222.png"},{"title":"FOGO insecticida eléctrico antimosquitos difusor + 10 pastillas caja 1 ud","price":"3,95 €","pricePerUnit":"(3,95 €/ud.)","imgUrl":"https://s1.dia.es/medias/h4f/hb5/8855812210718.png"},{"title":"FOGO insecticida eléctrico antimosquitos recambio caja 30 pastillas","price":"2,39 €","pricePerUnit":"(0,08 €/ud.)","imgUrl":"https://s0.dia.es/medias/h27/h4a/8856014585886.png"},{"title":"KILL PAFF insecticida eléctrico antimosquitos recambio 2 uds","price":"4,99 €","pricePerUnit":"(2,50 €/ud.)","imgUrl":"https://s2.dia.es/medias/h53/h3a/9587759579166.jpg"},{"title":"ORION bolas antipolillas lavanda bolsa 20 uds","price":"2,39 €","pricePerUnit":"(0,12 €/ud.)","imgUrl":"https://s1.dia.es/medias/hed/hc4/9256709521438.jpg"},{"title":"ORION Fragance pinzas antipolillas aroma ropa limpia bolsa 2 uds","price":"2,25 €","pricePerUnit":"(1,13 €/ud.)","imgUrl":"https://s2.dia.es/medias/hda/h58/9508904009758.jpg"},{"title":"ORION Fragance pinzas antipolillas aroma vainilla bolsa 2 uds","price":"2,19 €","pricePerUnit":"(1,10 €/ud.)","imgUrl":"https://s2.dia.es/medias/h42/h98/9256709193758.jpg"},{"title":"ORION pinzas antipolillas aroma limón bolsa 2 uds","price":"2,10 €","pricePerUnit":"(1,05 €/ud.)","imgUrl":"https://s0.dia.es/medias/haa/h49/8946480939038.png"},{"title":"ORION pinzas atrapaolores antipolillas bolsa 2 uds","price":"2,79 €","pricePerUnit":"(1,40 €/ud.)","imgUrl":"https://s3.dia.es/medias/h0a/h21/9256753627166.jpg"},{"title":"POLIL colgador antipolillas perfume lavanda fresca paquete 2 uds","price":"2,52 €","pricePerUnit":"(1,26 €/ud.)","imgUrl":"https://s1.dia.es/medias/h73/h5a/9091172204574.jpg"},{"title":"POLIL pastillas antipolillas aroma lavanda bolsa 24 uds","price":"2,55 €","pricePerUnit":"(0,11 €/ud.)","imgUrl":"https://s2.dia.es/medias/hc9/h8c/8904327659550.jpg"},{"title":"POLIL trampa detectora de polillas de los alimentos caja 2 + 1 uds","price":"5,49 €","pricePerUnit":"(1,83 €/ud.)","imgUrl":"https://s0.dia.es/medias/hb6/h8b/8906939400222.jpg"},{"title":"RAID insecticida eléctrico antimosquitos 90 noches recambio caja 3 uds","price":"6,95 €","pricePerUnit":"(6,95 €/ud.)","imgUrl":"https://s2.dia.es/medias/h30/h9a/9099833901086.jpg"},{"title":"RAID insecticida eléctrico antimosquitos recambio caja 2 uds","price":"6,99 €","pricePerUnit":"(3,50 €/ud.)","imgUrl":"https://s1.dia.es/medias/hb2/h44/8904110178334.jpg"},{"title":"RAID insecticida hogar e interiores spray 600 ml","price":"2,99 €","pricePerUnit":"(4,98 €/l.)","imgUrl":"https://s1.dia.es/medias/h91/he2/9096250884126.jpg"},{"title":"RAID insecticida moscas y mosquitos aerosol 600ml","price":"3,31 €","pricePerUnit":"(5,52 €/l.)","imgUrl":"https://s1.dia.es/medias/he9/he6/8913595301918.jpg"},{"title":"RAID Night&day insecticida eléctrico antimosquitos difusor + recambio caja 1 ud","price":"5,35 €","pricePerUnit":"(178,33 €/Kg.)","imgUrl":"https://s1.dia.es/medias/hcc/h4d/9114702315550.jpg"},{"title":"RATSUL raticida cebo granulado antiroedores caja 400 gr","price":"4,62 €","pricePerUnit":"(11,55 €/Kg.)","imgUrl":"https://s2.dia.es/medias/hff/hba/9680287858718.jpg"},{"title":"ZUM antipolillas spray 300 ml","price":"5,59 €","pricePerUnit":"(18,63 €/l.)","imgUrl":"https://s0.dia.es/medias/hfa/hd1/8856977768478.png"},{"title":"ZUM antiácaros spray 300 ml","price":"4,99 €","pricePerUnit":"(16,63 €/l.)","imgUrl":"https://s2.dia.es/medias/ha3/hd0/8857093373982.png"},{"title":"ZUM Fly insectida para avispas y otros insectos voladores spray 400 ml","price":"5,99 €","pricePerUnit":"(14,98 €/l.)","imgUrl":"https://s1.dia.es/medias/h5b/hdc/8857165594654.png"},{"title":"ZUM insecticida chinches y pulgas spray 300 ml","price":"7,15 €","pricePerUnit":"(23,83 €/l.)","imgUrl":"https://s3.dia.es/medias/h1e/h58/8858367623198.png"},{"title":"ZUM insecticida fregasuelos todo tipo de suelos botella 1 lt","price":"8,29 €","pricePerUnit":"(8,29 €/l.)","imgUrl":"https://s1.dia.es/medias/h87/h98/8858376601630.png"},{"title":"ZUM insectidida cucarachas spray 300 ml","price":"4,99 €","pricePerUnit":"(16,63 €/l.)","imgUrl":"https://s0.dia.es/medias/h47/hf5/8855883513886.png"},{"title":"ZUM laca insecticida un año sin insectos spray 600 ml","price":"8,59 €","pricePerUnit":"(14,32 €/l.)","imgUrl":"https://s2.dia.es/medias/h65/h88/8857983451166.png"},{"title":"ZUM trampa para cucarachas 1 ud","price":"2,75 €","pricePerUnit":"(2,75 €/ud.)","imgUrl":"https://s1.dia.es/medias/h19/h9b/8857026527262.png"}]},"electricos":{"categoryUrl":"/compra-online/productos/drogueria-y-limpieza/insecticidas/electricos/c/WEB.011.103.00632","products":[{"title":"BLOOM insecticida eléctrico antimosquitos aparato + 2 recambios","price":"5,95 €","pricePerUnit":"(5,95 €/ud.)","imgUrl":"https://s0.dia.es/medias/h30/h30/9519202304030.jpg"},{"title":"DIA insecticida voladores eléctrico aparato + recambio 1 ud","price":"4,19 €","pricePerUnit":"(4,19 €/ud.)","imgUrl":"https://s3.dia.es/medias/h43/hc6/8959682740254.png"},{"title":"DIA insecticida voladores eléctrico recambio 2 ud","price":"3,79 €","pricePerUnit":"(84,22 €/l.)","imgUrl":"https://s0.dia.es/medias/h75/h30/9100200509470.jpg"},{"title":"RAID insecticida eléctrico antimosquitos 90 noches recambio caja 3 uds","price":"6,95 €","pricePerUnit":"(6,95 €/ud.)","imgUrl":"https://s2.dia.es/medias/h30/h9a/9099833901086.jpg"}]}},"lavavajillas":{"name":"Lavavajillas","productTypes":["a-mano","maquina-pastillas","maquina-liquido-polvo","complementos-lavavajillas"],"a-mano":{"categoryUrl":"/compra-online/productos/drogueria-y-limpieza/lavavajillas/a-mano/c/WEB.011.104.00637","products":[{"title":"DIA lavavajillas concentrado pieles sensibles botella 500 ml","price":"0,99 €","pricePerUnit":"(1,98 €/l.)","imgUrl":"https://s3.dia.es/medias/hbb/h21/9394927927326.jpg"},{"title":"DIA lavavajillas mano concentrado botella 1 lt","price":"1,42 €","pricePerUnit":"(1,42 €/l.)","imgUrl":"https://s3.dia.es/medias/h02/h60/9394936774686.jpg"},{"title":"DIA lavavajillas mano concentrado lima verde botella 500 ml","price":"0,99 €","pricePerUnit":"(1,98 €/l.)","imgUrl":"https://s1.dia.es/medias/hcf/h7c/8945613307934.png"},{"title":"DIA lavavajillas mano diluido botella 1,5 lt","price":"1,05 €","pricePerUnit":"(0,70 €/l.)","imgUrl":"https://s1.dia.es/medias/h2a/h87/9334558883870.jpg"},{"title":"DIA lavavajillas mano super concentrado botella 750 ml","price":"1,32 €","pricePerUnit":"(1,76 €/l.)","imgUrl":"https://s1.dia.es/medias/h84/hf9/9565864132638.jpg"},{"title":"FAIRY lavavajillas mano concentrado aloe vera botella 500 ml","price":"2,44 €","pricePerUnit":"(4,88 €/l.)","imgUrl":"https://s1.dia.es/medias/hbd/h5d/9100288327710.jpg"},{"title":"FAIRY lavavajillas mano concentrado eucalipto botella 650 ml","price":"3,05 €","pricePerUnit":"(4,69 €/l.)","imgUrl":"https://s1.dia.es/medias/h0d/h88/8911646228510.jpg"},{"title":"FAIRY lavavajillas mano concentrado ultra botella 1015 ml","price":"3,97 €","pricePerUnit":"(3,91 €/l.)","imgUrl":"https://s3.dia.es/medias/hbb/ha9/8874690379806.png"},{"title":"FLOTA lavavajillas mano formula mejorada botella 1250 ml","price":"1,35 €","pricePerUnit":"(1,08 €/l.)","imgUrl":"https://s1.dia.es/medias/had/h21/9097953181726.jpg"},{"title":"FROGGY lavavajillas mano loción aloe vera botella 750 ml","price":"2,65 €","pricePerUnit":"(3,53 €/l.)","imgUrl":"https://s3.dia.es/medias/hff/h00/9658005225502.jpg"},{"title":"FROSCH Baby líquido limpia biberones y tetinas bote 100 ml","price":"2,75 €","pricePerUnit":"(5,50 €/l.)","imgUrl":"https://s0.dia.es/medias/h5b/hd4/9663358107678.jpg"},{"title":"FROSCH lavavajillas mano frambuesa botella 750 ml","price":"2,65 €","pricePerUnit":"(3,53 €/l.)","imgUrl":"https://s1.dia.es/medias/h3f/h59/9657972850718.jpg"},{"title":"FROSCH lavavajillas mano hipoalergénica botella 750 ml","price":"2,65 €","pricePerUnit":"(3,53 €/l.)","imgUrl":"https://s3.dia.es/medias/hd2/h90/9658842152990.jpg"},{"title":"Frosch Zero lavavajillas pieles sensibles botella 500 ml","price":"2,95 €","pricePerUnit":"(5,90 €/l.)","imgUrl":"https://s3.dia.es/medias/hf6/h42/9606338019358.jpg"},{"title":"MISTOL lavavajillas mano concentrado botella 950 ml","price":"2,19 €","pricePerUnit":"(2,31 €/l.)","imgUrl":"https://s1.dia.es/medias/had/hd1/9519122415646.jpg"},{"title":"MISTOL lavavajillas mano concentrado ultra plus botella 620 ml","price":"1,58 €","pricePerUnit":"(2,43 €/l.)","imgUrl":"https://s3.dia.es/medias/hb0/hc9/9519146336286.jpg"},{"title":"MISTOL lavavajillas mano gel concentrado aloe botella 950 ml","price":"2,15 €","pricePerUnit":"(2,26 €/l.)","imgUrl":"https://s2.dia.es/medias/h3a/h17/9519176450078.jpg"},{"title":"MISTOL lavavajillas mano original botella 900 ml","price":"1,45 €","pricePerUnit":"(1,45 €/ud.)","imgUrl":"https://s1.dia.es/medias/hdc/hbb/9216222887966.jpg"}]},"maquina-pastillas":{"categoryUrl":"/compra-online/productos/drogueria-y-limpieza/lavavajillas/maquina-pastillas/c/WEB.011.104.00641","products":[{"title":"DIA lavavajillas máquina caja 45 pastillas","price":"2,84 €","pricePerUnit":"(0,06 €/ud.)","imgUrl":"https://s0.dia.es/medias/h61/h3f/9095941455902.jpg"},{"title":"DIA lavavajillas máquina premium todo en uno en cápsulas caja 35 uds","price":"4,20 €","pricePerUnit":"(0,12 €/ud.)","imgUrl":"https://s0.dia.es/medias/h92/h5a/9113197183006.jpg"},{"title":"DIA lavavajillas máquina todo en 1 caja 40 pastillas","price":"3,99 €","pricePerUnit":"(0,10 €/ud.)","imgUrl":"https://s1.dia.es/medias/h3b/hae/9118406705182.jpg"},{"title":"FAIRY lavavajillas máquina platinum azul en cápsulas 46 uds","price":"9,75 €","pricePerUnit":"(0,21 €/ud.)","imgUrl":"https://s1.dia.es/medias/hae/hb9/9560151556126.jpg"},{"title":"FAIRY lavavajillas máquina platinum bolsa 18 + 3 cápsulas","price":"7,03 €","pricePerUnit":"(0,33 €/Lavado)","imgUrl":"https://s1.dia.es/medias/hfe/hec/9333269823518.jpg"},{"title":"FAIRY lavavajillas máquina todo en uno en cápsulas 60 uds","price":"12,85 €","pricePerUnit":"(0,21 €/Lavado)","imgUrl":"https://s0.dia.es/medias/h93/h67/9333360459806.jpg"},{"title":"FAIRY lavavajillas máquina ultra power en cápsulas bolsa 22 + 4 uds","price":"6,89 €","pricePerUnit":"(0,27 €/Lavado)","imgUrl":"https://s2.dia.es/medias/h08/ha3/9091217752094.jpg"},{"title":"FINISH lavavajillas máquina todo en uno limón bote 33 lv","price":"6,19 €","pricePerUnit":"(0,19 €/Lavado)","imgUrl":"https://s1.dia.es/medias/h04/h65/9601667006494.jpg"},{"title":"FINISH lavavajillas máquina todo en uno limón en cápsulas 52 uds","price":"10,50 €","pricePerUnit":"(0,21 €/Lavado)","imgUrl":"https://s0.dia.es/medias/ha5/h86/9617036148766.jpg"},{"title":"FINISH lavavajillas máquina todo en uno plus powerball en cápsulas bolsa 30 uds","price":"6,99 €","pricePerUnit":"(0,23 €/Lavado)","imgUrl":"https://s3.dia.es/medias/h1a/hc5/9601636466718.jpg"},{"title":"FINISH lavavajillas todo en uno powerball limón en cápsulas caja 30 uds","price":"5,51 €","pricePerUnit":"(0,18 €/Lavado)","imgUrl":"https://s1.dia.es/medias/hfc/hf2/9096019050526.jpg"},{"title":"FINISH Quantum lavavajillas máquina powerball en cápsulas 40 uds","price":"10,50 €","pricePerUnit":"(0,39 €/ud.)","imgUrl":"https://s0.dia.es/medias/h77/h43/9643069145118.jpg"},{"title":"FINISH Quantum lavavajillas máquina powerball super en cápsulas bolsa 22 lv","price":"6,99 €","pricePerUnit":"(0,32 €/Lavado)","imgUrl":"https://s1.dia.es/medias/h77/h30/9601591246878.jpg"},{"title":"FLOPP lavavajillas máquina todo en uno en cápsulas bolsa 16 uds","price":"4,19 €","pricePerUnit":"(0,26 €/Lavado)","imgUrl":"https://s2.dia.es/medias/h64/he3/9572742725662.jpg"},{"title":"FROSCH lavavajillas máquina todo en uno en cápsulas caja 30 uds","price":"6,99 €","pricePerUnit":"(0,23 €/Lavado)","imgUrl":"https://s3.dia.es/medias/ha9/h68/9641231843358.jpg"},{"title":"SOMAT 10 lavavajillas máquina oro caja 18 cápsulas","price":"6,75 €","pricePerUnit":"(0,19 €/Lavado)","imgUrl":"https://s1.dia.es/medias/h4a/h64/9549139083294.jpg"},{"title":"SOMAT lavavajillas máquina multi 5 todo en 1 caja 52 pastillas","price":"9,59 €","pricePerUnit":"(0,18 €/Lavado)","imgUrl":"https://s3.dia.es/medias/h82/hda/9527656382494.jpg"},{"title":"SOMAT lavavajillas máquina oro gel antigrasa lima limón bote 33 lv","price":"6,65 €","pricePerUnit":"(0,19 €/Lavado)","imgUrl":"https://s3.dia.es/medias/hb1/h90/9527670145054.jpg"},{"title":"SOMAT lavavajillas máquina oro gel con vinagre bote 50 lv","price":"9,49 €","pricePerUnit":"(0,24 €/Lavado)","imgUrl":"https://s3.dia.es/medias/hc4/ha1/9527736696862.jpg"},{"title":"SOMAT lavavajillas máquina todo en uno en cápsulas caja 30 + 5 uds","price":"6,93 €","pricePerUnit":"(0,20 €/Lavado)","imgUrl":"https://s2.dia.es/medias/ha2/h8e/9527682727966.jpg"}]},"maquina-liquido-polvo":{"categoryUrl":"/compra-online/productos/drogueria-y-limpieza/lavavajillas/maquina-liquido-polvo/c/WEB.011.104.00640","products":[{"title":"DIA lavavajillas máquina gel todo en uno bote 720 ml","price":"3,39 €","pricePerUnit":"(4,71 €/l.)","imgUrl":"https://s0.dia.es/medias/he6/hf3/9097998794782.jpg"},{"title":"FINISH lavavajillas máquina todo en uno plus bote 33 lv","price":"6,42 €","pricePerUnit":"(0,19 €/Lavado)","imgUrl":"https://s2.dia.es/medias/hf1/h7e/9601641709598.jpg"},{"title":"SOMAT lavavajillas máquina gel oro antigrasa botella 50 lv","price":"9,59 €","pricePerUnit":"(0,19 €/Lavado)","imgUrl":"https://s0.dia.es/medias/h69/h42/9527644913694.jpg"},{"title":"SOMAT lavavajillas máquina gel oro con vinagre botella 33 lv","price":"6,82 €","pricePerUnit":"(0,19 €/Lavado)","imgUrl":"https://s0.dia.es/medias/haf/hcf/9561911394334.jpg"},{"title":"SOMAT lavavajillas máquina oro gel antigrasa bote 35 lv","price":"6,65 €","pricePerUnit":"(0,19 €/Lavado)","imgUrl":"https://s1.dia.es/medias/hfc/h6b/9527666868254.jpg"}]},"complementos-lavavajillas":{"categoryUrl":"/compra-online/productos/drogueria-y-limpieza/lavavajillas/complementos-lavavajillas/c/WEB.011.104.00638","products":[{"title":"DIA abrillantador para máquina lavavajillas botella 1 lt","price":"1,52 €","pricePerUnit":"(1,52 €/l.)","imgUrl":"https://s1.dia.es/medias/h56/he4/9364599701534.jpg"},{"title":"DIA ambientador para máquina lavavajillas aroma limón paquete 2 ud","price":"2,29 €","pricePerUnit":"(1,15 €/ud.)","imgUrl":"https://s1.dia.es/medias/h54/ha5/9656234868766.jpg"},{"title":"DIA limpiador para máquina lavavajillas bifásico botella 250 ml","price":"1,72 €","pricePerUnit":"(6,88 €/l.)","imgUrl":"https://s3.dia.es/medias/he3/h89/9097987522590.jpg"},{"title":"DIA sal de lavavajillas bolsa 2 kg","price":"0,69 €","pricePerUnit":"(0,35 €/Kg.)","imgUrl":"https://s0.dia.es/medias/h25/hc4/9097996697630.jpg"},{"title":"DIA sal para lavavajillas bolsa 4 Kg","price":"1,35 €","pricePerUnit":"(0,34 €/Kg.)","imgUrl":"https://s3.dia.es/medias/h30/h83/9583754543134.jpg"},{"title":"FINISH abrillantador máquina para vajilla botella 500 ml","price":"5,12 €","pricePerUnit":"(10,24 €/l.)","imgUrl":"https://s3.dia.es/medias/hb2/hb6/9601665368094.jpg"},{"title":"FINISH abrillantador máquina para vajilla limón botella 500 ml","price":"4,99 €","pricePerUnit":"(9,98 €/l.)","imgUrl":"https://s3.dia.es/medias/h49/h7e/9601623031838.jpg"},{"title":"FINISH limpiador para máquina lavavajillas aroma limón botella 250 ml","price":"4,99 €","pricePerUnit":"(19,96 €/l.)","imgUrl":"https://s0.dia.es/medias/h46/hb1/9601588625438.jpg"},{"title":"FINISH limpiador para máquina lavavajillas botella 250 ml","price":"5,12 €","pricePerUnit":"(20,48 €/l.)","imgUrl":"https://s0.dia.es/medias/h25/he7/9601597145118.jpg"},{"title":"FINISH sal para lavavajillas caja 2 Kg","price":"2,99 €","pricePerUnit":"(1,50 €/Kg.)","imgUrl":"https://s1.dia.es/medias/hdf/h3f/9601871446046.jpg"},{"title":"SOMAT abrillantador para máquina lavavajjillas bote 500 ml","price":"2,99 €","pricePerUnit":"(5,98 €/l.)","imgUrl":"https://s1.dia.es/medias/h6d/hf5/9527733420062.jpg"},{"title":"SOMAT Deo perls ambientador para máquina lavavajillas aroma limón 1 ud","price":"2,99 €","pricePerUnit":"(2,99 €/ud.)","imgUrl":"https://s3.dia.es/medias/hc4/h56/9527726047262.jpg"},{"title":"SOMAT limpia máquinas intensivo bote 250 ml","price":"2,99 €","pricePerUnit":"(11,96 €/l.)","imgUrl":"https://s3.dia.es/medias/h56/h94/9527663919134.jpg"}]}},"limpiadores-para-el-hogar":{"name":"Limpiadoresparaelhogar","productTypes":["limpia-banos","limpia-inodoro-wc","antical","limpia-vitroceramica","quitagrasas","limpiador-multiusos","desatascador-limpia-tuberias","abrillantador-suelos","fregasuelos","limpiador-suelo-madera","amoniaco-desinfectantes-agua-destilada","lejia","limpia-alfombras-tapicerias","limpia-cristales","limpia-metales","limpia-muebles","limpiador-especifico"],"limpia-banos":{"categoryUrl":"/compra-online/productos/drogueria-y-limpieza/limpiadores-para-el-hogar/limpia-banos/c/WEB.011.105.00646","products":[{"title":"BALDOSINÍN blanquea juntas bote 200 ml","price":"3,19 €","pricePerUnit":"(15,95 €/l.)","imgUrl":"https://s3.dia.es/medias/he5/h7e/9680286220318.jpg"},{"title":"DIA limpiador de baños pistola 1 lt","price":"2,01 €","pricePerUnit":"(2,01 €/l.)","imgUrl":"https://s1.dia.es/medias/h9b/h14/9097981165598.jpg"},{"title":"DIA limpiador enérgico general pistola 1 lt","price":"1,79 €","pricePerUnit":"(1,79 €/l.)","imgUrl":"https://s1.dia.es/medias/h05/hb2/9370298155038.jpg"},{"title":"DON LIMPIO limpiador baño botella 1.3 lt","price":"2,45 €","pricePerUnit":"(1,88 €/l.)","imgUrl":"https://s2.dia.es/medias/hdc/h53/9086140710942.jpg"},{"title":"DON LIMPIO limpiador de baño pistola 750 ml","price":"2,79 €","pricePerUnit":"(3,72 €/l.)","imgUrl":"https://s3.dia.es/medias/hdc/hf6/9050242711582.jpg"},{"title":"LUMYSOL limpiador de baños botella 1 lt","price":"1,29 €","pricePerUnit":"(1,29 €/l.)","imgUrl":"https://s1.dia.es/medias/h41/h51/9145955876894.jpg"},{"title":"SANYTOL limpiador desinfectante baños pistola 750 ml","price":"2,49 €","pricePerUnit":"(3,32 €/l.)","imgUrl":"https://s1.dia.es/medias/h66/h07/9052661841950.jpg"},{"title":"TENN limpiador brillante baño botella 1.25 lt","price":"3,45 €","pricePerUnit":"(2,76 €/l.)","imgUrl":"https://s0.dia.es/medias/hbd/h7f/9527655071774.jpg"},{"title":"TENN limpiador de baño con bioalcohol botella 1.3 lt","price":"2,35 €","pricePerUnit":"(1,81 €/l.)","imgUrl":"https://s3.dia.es/medias/h68/hab/9519672098846.jpg"}]},"limpia-inodoro-wc":{"categoryUrl":"/compra-online/productos/drogueria-y-limpieza/limpiadores-para-el-hogar/limpia-inodoro-wc/c/WEB.011.105.00645","products":[{"title":"BREF bloc duo wc limón poder activo blíster 1 ud","price":"3,39 €","pricePerUnit":"(3,39 €/ud.)","imgUrl":"https://s1.dia.es/medias/h5a/h7f/9527682072606.jpg"},{"title":"BREF bloc wc limón poder activo blíster 1 ud","price":"2,05 €","pricePerUnit":"(2,05 €/ud.)","imgUrl":"https://s0.dia.es/medias/hca/h12/9527752753182.jpg"},{"title":"BREF bloc wc natural poder activo pino blíster 3 uds","price":"4,85 €","pricePerUnit":"(4,85 €/ud.)","imgUrl":"https://s1.dia.es/medias/h78/h19/9527764451358.jpg"},{"title":"BREF bloc wc verde dúo activo recambio blíster 1 ud","price":"2,85 €","pricePerUnit":"(2,85 €/ud.)","imgUrl":"https://s2.dia.es/medias/h35/h62/9519140110366.jpg"},{"title":"BREF block wc líquido desinfectante duo-activo colgador + recambio 1 ud","price":"1,85 €","pricePerUnit":"(1,85 €/ud.)","imgUrl":"https://s3.dia.es/medias/hd0/h66/9519176122398.jpg"},{"title":"BREF block wc líquido desinfectante poder activo colgador + recambio 1 ud","price":"1,85 €","pricePerUnit":"(1,85 €/ud.)","imgUrl":"https://s2.dia.es/medias/h3e/h78/9527674568734.jpg"},{"title":"DIA bloc wc floral activo blíster 1 ud","price":"1,49 €","pricePerUnit":"(33,11 €/Kg.)","imgUrl":"https://s0.dia.es/medias/h71/h8e/9108899495966.jpg"},{"title":"DIA bloc wc océano activo blíster 1 ud","price":"1,49 €","pricePerUnit":"(33,11 €/Kg.)","imgUrl":"https://s1.dia.es/medias/h79/he4/9108904804382.jpg"},{"title":"DIA block wc agua azul colgador 2 uds","price":"1,43 €","pricePerUnit":"(0,72 €/ud.)","imgUrl":"https://s2.dia.es/medias/h91/h10/9051966177310.jpg"},{"title":"DIA block wc cisterna azul pastillas 4 udsx50 cl","price":"1,28 €","pricePerUnit":"(0,32 €/ud.)","imgUrl":"https://s1.dia.es/medias/h42/h30/8825478840350.png"},{"title":"DIA colgador active hygiene wc blíster 1 ud","price":"1,45 €","pricePerUnit":"(1,45 €/ud.)","imgUrl":"https://s1.dia.es/medias/ha4/hd4/8945772691486.png"},{"title":"DIA gel limpiador wc azul aroma frescor oceánico botella 1lt","price":"1,12 €","pricePerUnit":"(1,12 €/l.)","imgUrl":"https://s0.dia.es/medias/ha9/h72/9633774993438.jpg"},{"title":"DIA gel limpiador wc verde aroma frescor de pino botella 1lt","price":"1,15 €","pricePerUnit":"(1,15 €/l.)","imgUrl":"https://s2.dia.es/medias/hc5/h2c/9633768439838.jpg"},{"title":"DIA limpiador gel wc lejía botella 1lt","price":"0,98 €","pricePerUnit":"(0,98 €/l.)","imgUrl":"https://s0.dia.es/medias/h51/hd9/9334560849950.jpg"},{"title":"FROSCH gel limpiador wc lavanda botella 750 ml","price":"2,15 €","pricePerUnit":"(2,15 €/ud.)","imgUrl":"https://s1.dia.es/medias/h40/h4c/9663354437662.jpg"},{"title":"NET limpiador wc de tuberias con agentes biológicos botella 1 lt","price":"5,69 €","pricePerUnit":"(5,69 €/l.)","imgUrl":"https://s3.dia.es/medias/h3c/hd6/9260118048798.jpg"},{"title":"PATO bloc wc azul fresco aparato + recambio blíster 1 ud","price":"1,99 €","pricePerUnit":"(1,99 €/ud.)","imgUrl":"https://s2.dia.es/medias/h33/h1a/8906425270302.jpg"},{"title":"PATO bloc wc azul fresco recambio blíster 2 uds","price":"2,79 €","pricePerUnit":"(1,40 €/ud.)","imgUrl":"https://s3.dia.es/medias/ha2/hcc/9091203072030.jpg"},{"title":"PATO bloc wc gel activo azul blíster 1 ud","price":"2,59 €","pricePerUnit":"(2,59 €/ud.)","imgUrl":"https://s0.dia.es/medias/ha7/h72/8906604904478.jpg"},{"title":"PATO bloc wc gel activo lavanda recambio blíster 2 uds","price":"4,39 €","pricePerUnit":"(39,91 €/l.)","imgUrl":"https://s1.dia.es/medias/hb4/h45/9096495071262.jpg"},{"title":"PATO discos activos aroma lima hasta 700 descargas aparato + recambio 1 ud","price":"3,05 €","pricePerUnit":"(3,05 €/ud.)","imgUrl":"https://s0.dia.es/medias/h7b/h61/9158095241246.jpg"},{"title":"PATO gel limpiador extra power marine botella 750 ml","price":"2,39 €","pricePerUnit":"(3,19 €/l.)","imgUrl":"https://s3.dia.es/medias/hce/h6a/9139915489310.jpg"},{"title":"PATO gel limpiador wc 5 en 1 océano botella 750 ml","price":"2,29 €","pricePerUnit":"(3,05 €/l.)","imgUrl":"https://s3.dia.es/medias/h2c/haf/9258599710750.jpg"},{"title":"PATO limpia wc agua azul 3 en 1 blíster 1 ud","price":"1,59 €","pricePerUnit":"(0,80 €/ud.)","imgUrl":"https://s0.dia.es/medias/h4b/hb5/9096382709790.jpg"},{"title":"PATO limpiador gel wc gel con lejia botella 750 ml","price":"2,29 €","pricePerUnit":"(3,05 €/l.)","imgUrl":"https://s3.dia.es/medias/he9/h18/9091119120414.jpg"},{"title":"PATO limpiador gel wc verde botella 750 ml","price":"2,29 €","pricePerUnit":"(3,05 €/l.)","imgUrl":"https://s3.dia.es/medias/h51/h9c/9258588897310.jpg"},{"title":"PATO matic limpia inodoro agua azul 3 en 1 blíster 1 ud","price":"2,79 €","pricePerUnit":"(2,79 €/ud.)","imgUrl":"https://s2.dia.es/medias/h52/h22/8904290435102.jpg"},{"title":"PATO tiras adhesivas wc 3 en 1 aroma lima fresca caja 1 ud","price":"2,10 €","pricePerUnit":"(2,10 €/ud.)","imgUrl":"https://s2.dia.es/medias/h08/h08/8904051916830.jpg"},{"title":"SANICENTRO gel limpiador wc 4 en 1 botella 1 lt","price":"1,95 €","pricePerUnit":"(1,95 €/l.)","imgUrl":"https://s1.dia.es/medias/h85/hc6/9086101651486.jpg"},{"title":"TENSO Pro gel limpiador wc 4 en 1 aroma pino botella 1 lt","price":"1,99 €","pricePerUnit":"(1,99 €/l.)","imgUrl":"https://s1.dia.es/medias/hf8/ha2/9181577216030.jpg"}]},"antical":{"categoryUrl":"/compra-online/productos/drogueria-y-limpieza/limpiadores-para-el-hogar/antical/c/WEB.011.105.00644","products":[{"title":"DIA limpiador antical gel botella 750 ml","price":"1,59 €","pricePerUnit":"(2,12 €/l.)","imgUrl":"https://s0.dia.es/medias/h04/h30/9097981820958.jpg"}]},"limpia-vitroceramica":{"categoryUrl":"/compra-online/productos/drogueria-y-limpieza/limpiadores-para-el-hogar/limpia-vitroceramica/c/WEB.011.105.00648","products":[{"title":"BETER rasqueta para vitrocerámica envase 1 ud","price":"2,69 €","pricePerUnit":"(2,69 €/ud.)","imgUrl":"https://s0.dia.es/medias/hb0/h7d/8858378698782.png"},{"title":"DIA limpiador vitrocerámica crema botella 500 ml","price":"1,68 €","pricePerUnit":"(3,36 €/l.)","imgUrl":"https://s3.dia.es/medias/h61/hb8/9275986935838.jpg"},{"title":"DIA limpiador vitrocerámicas 3 en 1 spray 500 ml","price":"1,69 €","pricePerUnit":"(3,38 €/l.)","imgUrl":"https://s0.dia.es/medias/he4/h82/9276033073182.jpg"},{"title":"FROGGY limpiador vitrocerámica crema mineral botella 650 ml","price":"1,99 €","pricePerUnit":"(3,06 €/l.)","imgUrl":"https://s1.dia.es/medias/hd7/h7c/9642263871518.jpg"},{"title":"FROSCH crema limpia vitrocerámicas naranja botella 650 ml","price":"1,99 €","pricePerUnit":"(3,06 €/l.)","imgUrl":"https://s3.dia.es/medias/he7/hc8/9641228238878.jpg"},{"title":"MR FORZA limpia hornos spray 300 ml","price":"5,49 €","pricePerUnit":"(18,30 €/l.)","imgUrl":"https://s2.dia.es/medias/h30/h2d/8872609677342.png"},{"title":"SIDOL limpiador vitrocerámica crema botella 200 ml","price":"2,95 €","pricePerUnit":"(14,75 €/l.)","imgUrl":"https://s1.dia.es/medias/hed/hf8/9601604157470.jpg"},{"title":"VITROCLEN limpiador vitrocerámica crema botella 200 ml","price":"3,25 €","pricePerUnit":"(16,25 €/l.)","imgUrl":"https://s3.dia.es/medias/h22/hbe/9601753874462.jpg"},{"title":"VITROCLEN limpiador vitrocerámica spray 250 ml","price":"4,59 €","pricePerUnit":"(18,36 €/l.)","imgUrl":"https://s0.dia.es/medias/ha4/h6e/9601571258398.jpg"}]},"quitagrasas":{"categoryUrl":"/compra-online/productos/drogueria-y-limpieza/limpiadores-para-el-hogar/quitagrasas/c/WEB.011.105.00649","products":[{"title":"ACE spray mousse lejía + desengrasante para hogar y ropa pistola 700 ml","price":"2,79 €","pricePerUnit":"(3,99 €/l.)","imgUrl":"https://s2.dia.es/medias/h3e/hc9/9100227182622.jpg"},{"title":"DIA limpiador desengrasante jabón marsella pistola 750 ml","price":"1,39 €","pricePerUnit":"(1,85 €/l.)","imgUrl":"https://s1.dia.es/medias/hfc/h05/8872726265886.png"},{"title":"DIA limpiador quitagrasas perfume cítrico pistola 1 lt","price":"1,69 €","pricePerUnit":"(1,69 €/l.)","imgUrl":"https://s0.dia.es/medias/hd5/h47/9362644074526.jpg"},{"title":"FROSCH desengrasante pomelo pistola 750 ml","price":"2,99 €","pricePerUnit":"(3,99 €/l.)","imgUrl":"https://s1.dia.es/medias/h10/hbe/9663348867102.jpg"},{"title":"KIDEL limpiador quitagrasas classic pistola 1 lt","price":"2,99 €","pricePerUnit":"(2,99 €/l.)","imgUrl":"https://s0.dia.es/medias/h34/h7b/9244966223902.jpg"},{"title":"SANYTOL limpiador desinfectante cocinas pistola 750 ml","price":"2,49 €","pricePerUnit":"(3,32 €/l.)","imgUrl":"https://s1.dia.es/medias/h2d/h00/9139976372254.jpg"},{"title":"TENN limpiador brillante para cocinas con bioalcohol pistola 500 ml","price":"2,60 €","pricePerUnit":"(3,47 €/l.)","imgUrl":"https://s0.dia.es/medias/h3b/h9c/9527647535134.jpg"}]},"limpiador-multiusos":{"categoryUrl":"/compra-online/productos/drogueria-y-limpieza/limpiadores-para-el-hogar/limpiador-multiusos/c/WEB.011.105.00658","products":[{"title":"AJAX limpiador 2 en 1 shower power pistola 500 ml","price":"2,19 €","pricePerUnit":"(4,38 €/l.)","imgUrl":"https://s2.dia.es/medias/hd4/h47/9669953749022.jpg"},{"title":"ASH limpiador desincrustante super pontente 4 en 1 bote 750 ml","price":"2,99 €","pricePerUnit":"(3,99 €/l.)","imgUrl":"https://s3.dia.es/medias/h56/ha7/8898055798814.jpg"},{"title":"BALDOSINÍN blanquea juntas spray 500 ml","price":"4,59 €","pricePerUnit":"(9,18 €/l.)","imgUrl":"https://s1.dia.es/medias/haf/hfc/9680292511774.jpg"},{"title":"CILLIT BANG limpiador multiusos pistola 1 lt","price":"4,49 €","pricePerUnit":"(4,49 €/l.)","imgUrl":"https://s2.dia.es/medias/h46/h05/9621162524702.jpg"},{"title":"CILLIT BANG limpiador suciedad humedad pistola 750 ml","price":"4,85 €","pricePerUnit":"(6,47 €/l.)","imgUrl":"https://s3.dia.es/medias/h0c/h3d/9617023402014.jpg"},{"title":"CRISTASOL limpiador multiusos pistola 750 ml","price":"2,09 €","pricePerUnit":"(2,79 €/l.)","imgUrl":"https://s3.dia.es/medias/h71/h9f/9086112202782.jpg"},{"title":"DIA limpiador acetico botella 1 lt","price":"0,99 €","pricePerUnit":"(0,99 €/l.)","imgUrl":"https://s2.dia.es/medias/hcb/h0e/9100205686814.jpg"},{"title":"DIA limpiador multisuperficies con oxígeno activo botella 1 lt","price":"1,40 €","pricePerUnit":"(1,40 €/l.)","imgUrl":"https://s1.dia.es/medias/h22/h91/9097963798558.jpg"},{"title":"DIA limpiador multiusos pistola 1 lt","price":"1,09 €","pricePerUnit":"(1,09 €/l.)","imgUrl":"https://s0.dia.es/medias/hb0/ha1/9352999567390.jpg"},{"title":"DIA limpiador multiusos recambio 1 lt","price":"0,89 €","pricePerUnit":"(0,89 €/l.)","imgUrl":"https://s1.dia.es/medias/h4e/hc3/9352981479454.jpg"},{"title":"DON LIMPIO limpiador multiusos aroma limón botella 600 ml","price":"2,99 €","pricePerUnit":"(4,98 €/l.)","imgUrl":"https://s2.dia.es/medias/hc0/h4e/9080318361630.jpg"},{"title":"DON LIMPIO limpiador multiusos botella 1.3 lt","price":"2,20 €","pricePerUnit":"(1,69 €/l.)","imgUrl":"https://s3.dia.es/medias/h81/hba/9086093197342.jpg"},{"title":"DON LIMPIO limpiador multiusos básico aroma limón botella 1.3 lt","price":"2,04 €","pricePerUnit":"(1,57 €/l.)","imgUrl":"https://s1.dia.es/medias/ha0/h4d/9086143332382.jpg"},{"title":"ESTRELLA limpiador oxígeno activo botella 1.25 lt","price":"2,59 €","pricePerUnit":"(2,07 €/l.)","imgUrl":"https://s1.dia.es/medias/ha4/h6f/9519129296926.jpg"},{"title":"FROSCH desincrustante vinagre antical botella 1 lt","price":"2,15 €","pricePerUnit":"(2,15 €/ud.)","imgUrl":"https://s1.dia.es/medias/h03/h6e/9663335759902.jpg"},{"title":"FROSCH limpia hogar multiusos aroma lavanda botella 1 lt","price":"2,49 €","pricePerUnit":"(2,49 €/l.)","imgUrl":"https://s3.dia.es/medias/he8/h18/9663475580958.jpg"},{"title":"GARLEY limpia salpicaderos spray 600 ml","price":"2,99 €","pricePerUnit":"(4,98 €/l.)","imgUrl":"https://s0.dia.es/medias/h87/h90/9008549298206.jpg"},{"title":"GLASSEX limpiador multiusos pistola 750 ml","price":"2,25 €","pricePerUnit":"(3,00 €/l.)","imgUrl":"https://s2.dia.es/medias/h34/hdf/9601676247070.jpg"},{"title":"LUMINIA limpiador multiusos con amoniaco pistola 750 ml","price":"3,35 €","pricePerUnit":"(4,47 €/l.)","imgUrl":"https://s0.dia.es/medias/hfe/h1c/9545283665950.jpg"},{"title":"LUMYSOL limpiador multiusos aroma lavanda botella 1 lt","price":"1,29 €","pricePerUnit":"(1,29 €/l.)","imgUrl":"https://s2.dia.es/medias/h01/h45/9145939034142.jpg"},{"title":"LUMYSOL limpiador multiusos perfumado botella 750 ml","price":"1,19 €","pricePerUnit":"(1,59 €/l.)","imgUrl":"https://s1.dia.es/medias/h9e/h65/9145944539166.jpg"},{"title":"LUMYSOL limpiador polvo activo bote 750 gr","price":"1,45 €","pricePerUnit":"(1,93 €/Kg.)","imgUrl":"https://s2.dia.es/medias/hc1/hd2/9139936198686.jpg"},{"title":"MAYORDOMO limpiador multiusos pistola 1 lt","price":"3,25 €","pricePerUnit":"(3,25 €/ud.)","imgUrl":"https://s2.dia.es/medias/h66/h56/9100253790238.jpg"},{"title":"SANICENTRO limpiador multi desinfectante botella 2 lt","price":"1,99 €","pricePerUnit":"(1,00 €/l.)","imgUrl":"https://s3.dia.es/medias/h86/hca/9025625751582.jpg"},{"title":"SANYTOL limpiador desinfectante limpiahogar botella 1.2 lt","price":"2,65 €","pricePerUnit":"(2,21 €/l.)","imgUrl":"https://s3.dia.es/medias/h20/h92/9097973760030.jpg"},{"title":"TENN limpiador con bioalcohol aloe vera botella 1.3 lt","price":"2,35 €","pricePerUnit":"(1,81 €/l.)","imgUrl":"https://s1.dia.es/medias/he2/h1e/9216301334558.jpg"},{"title":"TENN limpiador multiusos con bioalcohol pistola 500 ml","price":"2,65 €","pricePerUnit":"(3,53 €/l.)","imgUrl":"https://s1.dia.es/medias/hf4/hb4/9527726374942.jpg"},{"title":"TENN limpiahogar universal con bioalcohol botella 1.3 lt","price":"2,35 €","pricePerUnit":"(1,81 €/l.)","imgUrl":"https://s2.dia.es/medias/ha5/h15/9216494927902.jpg"},{"title":"VIM limpiador clorex botella 750 ml","price":"1,27 €","pricePerUnit":"(1,69 €/Kg.)","imgUrl":"https://s1.dia.es/medias/h98/h08/9519672426526.jpg"},{"title":"WC NET Energy limpiador en polvo desincrustante caja 4 uds","price":"2,99 €","pricePerUnit":"(0,75 €/ud.)","imgUrl":"https://s1.dia.es/medias/h60/hb4/9121761787934.jpg"},{"title":"WC NET fosas sépticas cápsulas 20 uds","price":"10,59 €","pricePerUnit":"(0,53 €/ud.)","imgUrl":"https://s3.dia.es/medias/h2a/h65/9121761132574.jpg"}]},"desatascador-limpia-tuberias":{"categoryUrl":"/compra-online/productos/drogueria-y-limpieza/limpiadores-para-el-hogar/desatascador-limpia-tuberias/c/WEB.011.105.00650","products":[{"title":"DESTOP gel desatascador botella 1 lt","price":"2,99 €","pricePerUnit":"(2,99 €/l.)","imgUrl":"https://s2.dia.es/medias/h05/h54/9601602519070.jpg"},{"title":"DIA desatascador gel con lejía botella 1 lt","price":"1,73 €","pricePerUnit":"(1,73 €/l.)","imgUrl":"https://s1.dia.es/medias/he0/h8f/9275997814814.jpg"},{"title":"DIRANZO sosa cáustica escamas bote 750 gr","price":"2,15 €","pricePerUnit":"(2,87 €/Kg.)","imgUrl":"https://s2.dia.es/medias/hd2/h54/9097972383774.jpg"},{"title":"MR FORZA gel desatascador botella 1 lt","price":"6,15 €","pricePerUnit":"(6,15 €/l.)","imgUrl":"https://s0.dia.es/medias/h5f/ha2/9096292171806.jpg"},{"title":"NET wc energy gel desatascador botella 1 lt","price":"4,99 €","pricePerUnit":"(4,99 €/l.)","imgUrl":"https://s3.dia.es/medias/h1d/h28/9121753202718.jpg"},{"title":"QUICESA salfumant botella 1 lt","price":"1,35 €","pricePerUnit":"(1,35 €/l.)","imgUrl":"https://s2.dia.es/medias/h02/he5/8857054576670.png"},{"title":"WC NET limpia tuberías botella 500 ml","price":"5,99 €","pricePerUnit":"(11,98 €/l.)","imgUrl":"https://s3.dia.es/medias/ha2/h05/9096301346846.jpg"}]},"abrillantador-suelos":{"categoryUrl":"/compra-online/productos/drogueria-y-limpieza/limpiadores-para-el-hogar/abrillantador-suelos/c/WEB.011.105.00660","products":[{"title":"ALEX cera incolora brillo intenso botella 750 ml","price":"3,59 €","pricePerUnit":"(4,79 €/l.)","imgUrl":"https://s1.dia.es/medias/h20/hf9/9499368390686.jpg"},{"title":"DIA limpiador abrillantador para suelos spray 750 ml","price":"3,08 €","pricePerUnit":"(4,11 €/l.)","imgUrl":"https://s0.dia.es/medias/h86/h6d/9097992634398.jpg"},{"title":"DIA limpiador cera incolora para terrazo y baldosas botella 1 lt","price":"1,77 €","pricePerUnit":"(1,77 €/l.)","imgUrl":"https://s3.dia.es/medias/h69/h88/9098004037662.jpg"}]},"fregasuelos":{"categoryUrl":"/compra-online/productos/drogueria-y-limpieza/limpiadores-para-el-hogar/fregasuelos/c/WEB.011.105.00661","products":[{"title":"ASEVI fregasuelos concentrado aroma naranja botella 900 ml","price":"1,99 €","pricePerUnit":"(2,21 €/l.)","imgUrl":"https://s0.dia.es/medias/hd8/h1b/8954930364446.png"},{"title":"ASEVI fregasuelos concentrado perfume intenso botella 900 ml","price":"1,89 €","pricePerUnit":"(2,10 €/l.)","imgUrl":"https://s0.dia.es/medias/hbb/hc7/8957728620574.png"},{"title":"LUMYSOL fregasuelos aroma floral botella 1,5 lt","price":"1,29 €","pricePerUnit":"(0,86 €/l.)","imgUrl":"https://s2.dia.es/medias/h0a/hf0/9145927761950.jpg"},{"title":"LUMYSOL fregasuelos aroma marino botella 1,5 lt","price":"1,29 €","pricePerUnit":"(0,86 €/l.)","imgUrl":"https://s3.dia.es/medias/h31/hb5/9145956532254.jpg"},{"title":"SANICENTRO fregasuelos multi desinfección botella 1.5 lt","price":"2,19 €","pricePerUnit":"(1,46 €/l.)","imgUrl":"https://s0.dia.es/medias/hf6/h08/9091220373534.jpg"}]},"limpiador-suelo-madera":{"categoryUrl":"/compra-online/productos/drogueria-y-limpieza/limpiadores-para-el-hogar/limpiador-suelo-madera/c/WEB.011.105.00662","products":[{"title":"ALEX cera incolora especial parquet botella 750 ml","price":"3,95 €","pricePerUnit":"(5,27 €/l.)","imgUrl":"https://s2.dia.es/medias/h3f/h7a/9086139727902.jpg"},{"title":"EMSOL limpiador de suelos laminados botella 750 ml","price":"4,05 €","pricePerUnit":"(5,40 €/l.)","imgUrl":"https://s3.dia.es/medias/h51/hc8/9091174826014.jpg"},{"title":"PRONTO limpiador jabono madera 5 en 1 botella 750 ml","price":"3,83 €","pricePerUnit":"(5,11 €/l.)","imgUrl":"https://s1.dia.es/medias/hbc/h1c/9091149791262.jpg"},{"title":"TENN limpiador brillante madera botella 1.25 lt","price":"3,45 €","pricePerUnit":"(2,76 €/l.)","imgUrl":"https://s3.dia.es/medias/h62/h1b/9527677845534.jpg"}]},"amoniaco-desinfectantes-agua-destilada":{"categoryUrl":"/compra-online/productos/drogueria-y-limpieza/limpiadores-para-el-hogar/amoniaco-desinfectantes-agua-destilada/c/WEB.011.105.00643","products":[{"title":"AJAX limpiador pino botella 1 lt","price":"1,99 €","pricePerUnit":"(1,99 €/l.)","imgUrl":"https://s2.dia.es/medias/h6a/hbd/9655423533086.jpg"},{"title":"ASEVI limpiador desinfectante gerpostar botella 1.4 lt","price":"2,39 €","pricePerUnit":"(1,71 €/l.)","imgUrl":"https://s0.dia.es/medias/h25/hea/9139906052126.jpg"},{"title":"DIRANZO aguarras simil botella 500 ml","price":"1,79 €","pricePerUnit":"(3,58 €/l.)","imgUrl":"https://s0.dia.es/medias/ha5/h58/9093447057438.jpg"},{"title":"SANYTOL limpiador desinfectante multiusos pistola 750 ml","price":"2,55 €","pricePerUnit":"(3,40 €/l.)","imgUrl":"https://s0.dia.es/medias/ha1/hf0/9098003251230.jpg"},{"title":"SANYTOL toallitas desinfectantes envase 24 uds","price":"2,15 €","pricePerUnit":"(0,09 €/ud.)","imgUrl":"https://s2.dia.es/medias/h8a/h22/9256746090526.jpg"}]},"lejia":{"categoryUrl":"/compra-online/productos/drogueria-y-limpieza/limpiadores-para-el-hogar/lejia/c/WEB.011.105.00656","products":[{"title":"ACE lejía hogar desinfectante botella 2 lt","price":"1,79 €","pricePerUnit":"(0,90 €/l.)","imgUrl":"https://s2.dia.es/medias/hd5/haf/9114709196830.jpg"},{"title":"ACE lejía normal  botella 2 lt","price":"1,65 €","pricePerUnit":"(0,83 €/l.)","imgUrl":"https://s2.dia.es/medias/h2e/h85/9097976447006.jpg"},{"title":"ACE lejía protección botella 2 lt","price":"1,95 €","pricePerUnit":"(0,98 €/l.)","imgUrl":"https://s3.dia.es/medias/h37/ha1/8857123782686.png"},{"title":"ACE spray mousse lejía + desengrasante para hogar y ropa pistola 700 ml","price":"2,79 €","pricePerUnit":"(3,99 €/l.)","imgUrl":"https://s2.dia.es/medias/h3e/hc9/9100227182622.jpg"},{"title":"CONEJO lejía desinfectante botella 2 lt","price":"1,55 €","pricePerUnit":"(0,78 €/l.)","imgUrl":"https://s2.dia.es/medias/hae/h23/9519200993310.jpg"},{"title":"CONEJO lejía desinfectante botella 4 lt","price":"2,99 €","pricePerUnit":"(0,75 €/l.)","imgUrl":"https://s2.dia.es/medias/h8f/h77/9519206891550.jpg"},{"title":"DIA lejía con detergente botella 2 lt","price":"0,65 €","pricePerUnit":"(0,33 €/l.)","imgUrl":"https://s0.dia.es/medias/h09/h39/9394926616606.jpg"},{"title":"DIA lejía densa hogar botella 2 lt","price":"1,00 €","pricePerUnit":"(0,50 €/l.)","imgUrl":"https://s2.dia.es/medias/hd1/hcd/9498736656414.jpg"},{"title":"DIA lejía hogar garrafa amarilla botella 2 lt","price":"0,62 €","pricePerUnit":"(0,31 €/l.)","imgUrl":"https://s0.dia.es/medias/ha5/h7d/8825426477086.png"},{"title":"ESTRELLA lejía con detergente aroma limón botella 1.5 lt","price":"1,59 €","pricePerUnit":"(1,06 €/l.)","imgUrl":"https://s0.dia.es/medias/heb/h2b/9519214755870.jpg"},{"title":"ESTRELLA lejía con detergente aroma pino botella 1.5 lt","price":"1,64 €","pricePerUnit":"(1,09 €/l.)","imgUrl":"https://s0.dia.es/medias/h72/hd9/9519149613086.jpg"},{"title":"ESTRELLA lejía hogar con detergente botella 1,5 lt","price":"1,59 €","pricePerUnit":"(1,06 €/l.)","imgUrl":"https://s1.dia.es/medias/h03/h2e/9519212789790.jpg"},{"title":"NEUTREX lejía botella 4 lt","price":"2,89 €","pricePerUnit":"(0,72 €/l.)","imgUrl":"https://s3.dia.es/medias/he5/h94/9216216924190.jpg"},{"title":"QUICESA lejía botella 2 lt","price":"1,05 €","pricePerUnit":"(0,53 €/l.)","imgUrl":"https://s3.dia.es/medias/he1/h84/9592241651742.jpg"},{"title":"QUICESA lejía todo uso botella 5 lt","price":"1,79 €","pricePerUnit":"(0,36 €/l.)","imgUrl":"https://s1.dia.es/medias/h41/hc6/8857054052382.png"},{"title":"SANICENTRO lejía con detergente botella 2 lt","price":"1,29 €","pricePerUnit":"(0,65 €/l.)","imgUrl":"https://s0.dia.es/medias/ha9/h01/8995745628190.jpg"}]},"limpia-alfombras-tapicerias":{"categoryUrl":"/compra-online/productos/drogueria-y-limpieza/limpiadores-para-el-hogar/limpia-alfombras-tapicerias/c/WEB.011.105.00651","products":[{"title":"OMINO BIANCO limpia alfombras y tapicería 300 ml","price":"5,29 €","pricePerUnit":"(17,63 €/l.)","imgUrl":"https://s1.dia.es/medias/h7d/ha8/9133413564446.jpg"}]},"limpia-cristales":{"categoryUrl":"/compra-online/productos/drogueria-y-limpieza/limpiadores-para-el-hogar/limpia-cristales/c/WEB.011.105.00652","products":[{"title":"ASEVI limpiador de cristales de chimeneas spray 475 ml","price":"3,29 €","pricePerUnit":"(6,93 €/l.)","imgUrl":"https://s1.dia.es/medias/hd0/h66/8955069956126.png"},{"title":"CRISTASOL limpiacristales bote 500 ml","price":"1,49 €","pricePerUnit":"(2,98 €/l.)","imgUrl":"https://s0.dia.es/medias/h64/h81/9096439627806.jpg"},{"title":"CRISTASOL limpiacristales cristalino pistola 750 ml","price":"2,09 €","pricePerUnit":"(2,79 €/l.)","imgUrl":"https://s0.dia.es/medias/ha9/hed/9097993814046.jpg"},{"title":"DIA limpiador cristales antivaho pistola 1 lt","price":"1,05 €","pricePerUnit":"(1,05 €/l.)","imgUrl":"https://s1.dia.es/medias/h97/h95/9353007497246.jpg"},{"title":"DIA toallitas limpiacristales triple acción envase 30 uds","price":"1,19 €","pricePerUnit":"(1,19 €/ud.)","imgUrl":"https://s3.dia.es/medias/h2c/h57/9095493845022.jpg"},{"title":"FROSCH limpia cristales alcohol pistola 750 ml","price":"2,39 €","pricePerUnit":"(3,19 €/l.)","imgUrl":"https://s0.dia.es/medias/h0c/h52/9663336087582.jpg"},{"title":"LUMINIA limpia pantallas botella 250 ml","price":"5,59 €","pricePerUnit":"(22,36 €/l.)","imgUrl":"https://s1.dia.es/medias/h1b/h68/8977611391006.jpg"},{"title":"LUMINIA limpiacristales botella 750 ml","price":"2,75 €","pricePerUnit":"(3,67 €/l.)","imgUrl":"https://s2.dia.es/medias/haa/h11/9091238199326.jpg"},{"title":"TENN limpia cristales brillante con bioalcohol pistola 500 ml","price":"2,60 €","pricePerUnit":"(3,47 €/l.)","imgUrl":"https://s0.dia.es/medias/h81/h88/9527668178974.jpg"}]},"limpia-metales":{"categoryUrl":"/compra-online/productos/drogueria-y-limpieza/limpiadores-para-el-hogar/limpia-metales/c/WEB.011.105.00653","products":[{"title":"ALADDIN algodón mágico limpia metales bote 75 gr","price":"2,69 €","pricePerUnit":"(35,87 €/Kg.)","imgUrl":"https://s2.dia.es/medias/h38/h8d/9601621721118.jpg"},{"title":"LUMINIA limpia metales botella 500 ml","price":"3,59 €","pricePerUnit":"(3,59 €/ud.)","imgUrl":"https://s0.dia.es/medias/h38/hf3/9096446181406.jpg"},{"title":"TARNI SHIELD limpia metales bote 250 ml","price":"3,55 €","pricePerUnit":"(14,20 €/l.)","imgUrl":"https://s3.dia.es/medias/hb7/h4c/9096440610846.jpg"},{"title":"TARNI SHIELD limpia plata bote 250 ml","price":"3,55 €","pricePerUnit":"(14,20 €/l.)","imgUrl":"https://s0.dia.es/medias/hae/h6b/9096553791518.jpg"}]},"limpia-muebles":{"categoryUrl":"/compra-online/productos/drogueria-y-limpieza/limpiadores-para-el-hogar/limpia-muebles/c/WEB.011.105.00654","products":[{"title":"DIA limpia muebles pistola 500 ml","price":"2,99 €","pricePerUnit":"(5,98 €/l.)","imgUrl":"https://s3.dia.es/medias/h16/h80/9127090225182.jpg"},{"title":"DIA limpiador sin cera para muebles spray 400 ml","price":"1,37 €","pricePerUnit":"(3,43 €/l.)","imgUrl":"https://s0.dia.es/medias/h97/haf/9097988112414.jpg"},{"title":"DIA toallitas limpia muebles envase 20 uds","price":"0,99 €","pricePerUnit":"(0,99 €/ud.)","imgUrl":"https://s3.dia.es/medias/h35/h91/8959608324126.png"},{"title":"MAYORDOMO limpia muebles spray 400 ml","price":"2,45 €","pricePerUnit":"(6,13 €/l.)","imgUrl":"https://s3.dia.es/medias/h0e/h3b/8856544477214.png"},{"title":"PRONTO limpia muebles con aloe vera pistola 500 ml","price":"3,59 €","pricePerUnit":"(7,18 €/l.)","imgUrl":"https://s0.dia.es/medias/h67/h8f/8906665263134.jpg"},{"title":"PRONTO limpiamuebles revitaliza spray 250 ml","price":"4,29 €","pricePerUnit":"(17,16 €/l.)","imgUrl":"https://s0.dia.es/medias/h3a/h1c/9275983265822.jpg"},{"title":"PRONTO líquido reparador de madera clara bote 100 ml","price":"4,10 €","pricePerUnit":"(41,00 €/l.)","imgUrl":"https://s0.dia.es/medias/h89/hfd/9096408760350.jpg"},{"title":"PRONTO líquido reparador de madera oscuro bote 100 ml","price":"4,10 €","pricePerUnit":"(41,00 €/l.)","imgUrl":"https://s0.dia.es/medias/hbb/hd0/9096223522846.jpg"},{"title":"PRONTO toallitas limpia muebles envase 20 uds","price":"4,29 €","pricePerUnit":"(0,21 €/ud.)","imgUrl":"https://s3.dia.es/medias/ha4/h6e/9096440938526.jpg"}]},"limpiador-especifico":{"categoryUrl":"/compra-online/productos/drogueria-y-limpieza/limpiadores-para-el-hogar/limpiador-especifico/c/WEB.011.105.00655","products":[{"title":"GARLEY limpia llantas pistola 500 ml","price":"3,22 €","pricePerUnit":"(6,44 €/l.)","imgUrl":"https://s2.dia.es/medias/h45/h33/9139895631902.jpg"},{"title":"KIDEL gel limpiador de juntas botella 750 ml","price":"3,59 €","pricePerUnit":"(4,79 €/l.)","imgUrl":"https://s1.dia.es/medias/h3b/h5b/9573906317342.jpg"},{"title":"KIDEL limpiador especial acero inoxidable pistola 500 ml","price":"4,49 €","pricePerUnit":"(8,98 €/l.)","imgUrl":"https://s2.dia.es/medias/h29/h09/9235793870878.jpg"}]}},"pilas-y-bombillas":{"name":"Pilasybombillas","productTypes":["pilas","bombillas"],"pilas":{"categoryUrl":"/compra-online/productos/drogueria-y-limpieza/pilas-y-bombillas/pilas/c/WEB.011.106.00663","products":[{"title":"DIA pilas alcalinas LR6-AA pack 8 + 8 uds","price":"5,76 €","pricePerUnit":"(0,72 €/ud.)","imgUrl":"https://s0.dia.es/medias/h78/h61/8834152792094.png"},{"title":"VARTA High energy pila alcalina 6LR61 blíster 1 ud","price":"4,99 €","pricePerUnit":"(4,99 €/ud.)","imgUrl":"https://s2.dia.es/medias/h67/h3a/9457930993694.jpg"},{"title":"VARTA High energy pila alcalina AA LR6 blíster 4 uds","price":"4,99 €","pricePerUnit":"(1,25 €/ud.)","imgUrl":"https://s0.dia.es/medias/hac/hde/9458008326174.jpg"},{"title":"VARTA High energy pila alcalina AAA LR3 blíster 4 uds","price":"4,99 €","pricePerUnit":"(1,25 €/ud.)","imgUrl":"https://s3.dia.es/medias/he8/h7a/9458245500958.jpg"},{"title":"VARTA High energy pila alcalina LR14 BL N blíster 2 uds","price":"4,99 €","pricePerUnit":"(2,50 €/ud.)","imgUrl":"https://s2.dia.es/medias/h8c/h94/9458405802014.jpg"},{"title":"VARTA High energy pila alcalina LR20 blíster 2 uds","price":"4,99 €","pricePerUnit":"(2,50 €/ud.)","imgUrl":"https://s1.dia.es/medias/hde/h50/9458465898526.jpg"},{"title":"VARTA Max tech pila alcalina AA LR6 BL N blíster 4 uds","price":"5,99 €","pricePerUnit":"(1,50 €/ud.)","imgUrl":"https://s2.dia.es/medias/h6b/h54/9458404491294.jpg"},{"title":"VARTA Max tech pila alcalina AAA LR3 blíster 4 uds","price":"5,99 €","pricePerUnit":"(1,50 €/ud.)","imgUrl":"https://s1.dia.es/medias/hf2/h6f/9458245173278.jpg"},{"title":"VARTA pila alcalina  AAA (LR3) blister 4 unidades","price":"2,99 €","pricePerUnit":"(0,75 €/ud.)","imgUrl":"https://s0.dia.es/medias/hbf/h9d/9458321326110.jpg"},{"title":"VARTA pila botón CR2032 blíster 2 uds","price":"2,99 €","pricePerUnit":"(2,99 €/ud.)","imgUrl":"https://s3.dia.es/medias/hb6/hbd/9458104795166.jpg"},{"title":"VARTA pilas long life LR6-AA pack 4 uds","price":"2,99 €","pricePerUnit":"(0,75 €/ud.)","imgUrl":"https://s0.dia.es/medias/h7b/h74/9458494734366.jpg"}]},"bombillas":{"categoryUrl":"/compra-online/productos/drogueria-y-limpieza/pilas-y-bombillas/bombillas/c/WEB.011.106.00664","products":[{"title":"MEGALED bombilla 30W blíster 1 ud","price":"2,99 €","pricePerUnit":"(2,99 €/ud.)","imgUrl":"https://s2.dia.es/medias/ha4/ha6/8956801482782.png"},{"title":"MEGALED bombilla esférica 40W E27 blíster 1 ud","price":"2,99 €","pricePerUnit":"(2,99 €/ud.)","imgUrl":"https://s1.dia.es/medias/h92/hc9/9025627062302.jpg"},{"title":"MEGALED bombilla vela 30W E14 blíster 1 ud","price":"2,99 €","pricePerUnit":"(2,99 €/ud.)","imgUrl":"https://s1.dia.es/medias/h8c/h59/8956538650654.png"},{"title":"MEGALED mini bombilla esferica 40W blíster 1 ud","price":"2,99 €","pricePerUnit":"(2,99 €/ud.)","imgUrl":"https://s2.dia.es/medias/he0/h40/8956505030686.png"},{"title":"MEGALED mini bombilla esférica 40W E14 blíster 1 ud","price":"2,99 €","pricePerUnit":"(2,99 €/ud.)","imgUrl":"https://s0.dia.es/medias/hb3/h5a/9025615527966.jpg"}]}},"otros-articulos-bazar":{"name":"Otrosartículosbazar","productTypes":["filtros-cafe","palillos-y-pajitas","cubiertos-vasos-y-platos-desechables","otros-articulos-bazar"],"filtros-cafe":{"categoryUrl":"/compra-online/productos/drogueria-y-limpieza/otros-articulos-bazar/filtros-cafe/c/WEB.011.107.00604","products":[{"title":"MELITTA filtro 1x4 para café caja 40 uds","price":"1,50 €","pricePerUnit":"(1,50 €/ud.)","imgUrl":"https://s1.dia.es/medias/hf8/h55/9328750166046.jpg"}]},"palillos-y-pajitas":{"categoryUrl":"/compra-online/productos/drogueria-y-limpieza/otros-articulos-bazar/palillos-y-pajitas/c/WEB.011.107.00606","products":[{"title":"LOS RIVERA carbón vegetal bolsa 3 Kg","price":"2,50 €","pricePerUnit":"(2,50 €/ud.)","imgUrl":"https://s1.dia.es/medias/hc7/h91/9502025908254.jpg"},{"title":"MELITTA filtro 1x4 para café caja 40 uds","price":"1,50 €","pricePerUnit":"(1,50 €/ud.)","imgUrl":"https://s1.dia.es/medias/hf8/h55/9328750166046.jpg"},{"title":"NUPIK cucharillas blancas desechables bolsa 25 uds","price":"0,89 €","pricePerUnit":"(0,89 €/ud.)","imgUrl":"https://s1.dia.es/medias/hb0/h81/8883903004702.png"},{"title":"NUPIK tenedores blancos desechables bolsa 25 uds","price":"0,99 €","pricePerUnit":"(0,99 €/ud.)","imgUrl":"https://s1.dia.es/medias/h56/h52/8959593775134.png"},{"title":"NUPIK vasos de sidra desechables de 50 cl bolsa 20 uds","price":"3,39 €","pricePerUnit":"(0,17 €/ud.)","imgUrl":"https://s3.dia.es/medias/h0e/h44/9592276058142.jpg"},{"title":"PH bandejas con boldas 25 x 34 cm pack 5 uds","price":"2,35 €","pricePerUnit":"(2,35 €/ud.)","imgUrl":"https://s2.dia.es/medias/hb3/h3d/9592289230878.jpg"},{"title":"QUTIN cuchara de madera de bambú 30 cm","price":"0,89 €","pricePerUnit":"(0,89 €/ud.)","imgUrl":"https://s2.dia.es/medias/h49/h9e/9592288247838.jpg"},{"title":"Vela cumpleaños Nº 0","price":"0,59 €","pricePerUnit":"(0,59 €/ud.)","imgUrl":"https://s1.dia.es/medias/h42/h3c/9389419364382.jpg"},{"title":"Vela cumpleaños Nº 1","price":"0,59 €","pricePerUnit":"(0,59 €/ud.)","imgUrl":"https://s1.dia.es/medias/h6a/hc3/9389416415262.jpg"},{"title":"Vela cumpleaños Nº 2","price":"0,59 €","pricePerUnit":"(0,59 €/ud.)","imgUrl":"https://s3.dia.es/medias/h29/h1e/9389420675102.jpg"},{"title":"Vela cumpleaños Nº 3","price":"0,59 €","pricePerUnit":"(0,59 €/ud.)","imgUrl":"https://s0.dia.es/medias/h9a/h20/9389416087582.jpg"},{"title":"Vela cumpleaños Nº 4","price":"0,59 €","pricePerUnit":"(0,59 €/ud.)","imgUrl":"https://s1.dia.es/medias/ha3/h04/9389415759902.jpg"},{"title":"Vela cumpleaños Nº 5","price":"0,59 €","pricePerUnit":"(0,59 €/ud.)","imgUrl":"https://s3.dia.es/medias/hdd/hc8/9389417070622.jpg"},{"title":"Vela cumpleaños Nº 7","price":"0,59 €","pricePerUnit":"(0,59 €/ud.)","imgUrl":"https://s2.dia.es/medias/h01/h81/9389420019742.jpg"},{"title":"Vela cumpleaños Nº 8","price":"0,59 €","pricePerUnit":"(0,59 €/ud.)","imgUrl":"https://s3.dia.es/medias/hf6/h05/9389418709022.jpg"},{"title":"Vela cumpleaños Nº 9","price":"0,59 €","pricePerUnit":"(0,59 €/ud.)","imgUrl":"https://s2.dia.es/medias/h82/h1e/9389418053662.jpg"}]},"cubiertos-vasos-y-platos-desechables":{"categoryUrl":"/compra-online/productos/drogueria-y-limpieza/otros-articulos-bazar/cubiertos-vasos-y-platos-desechables/c/WEB.011.107.00605","products":[{"title":"NUPIK cucharillas blancas desechables bolsa 25 uds","price":"0,89 €","pricePerUnit":"(0,89 €/ud.)","imgUrl":"https://s1.dia.es/medias/hb0/h81/8883903004702.png"},{"title":"NUPIK tenedores blancos desechables bolsa 25 uds","price":"0,99 €","pricePerUnit":"(0,99 €/ud.)","imgUrl":"https://s1.dia.es/medias/h56/h52/8959593775134.png"},{"title":"NUPIK vasos de sidra desechables de 50 cl bolsa 20 uds","price":"3,39 €","pricePerUnit":"(0,17 €/ud.)","imgUrl":"https://s3.dia.es/medias/h0e/h44/9592276058142.jpg"}]},"otros-articulos-bazar":{"categoryUrl":"/compra-online/productos/drogueria-y-limpieza/otros-articulos-bazar/otros-articulos-bazar/c/WEB.011.107.00665","products":[{"title":"LOS RIVERA carbón vegetal bolsa 3 Kg","price":"2,50 €","pricePerUnit":"(2,50 €/ud.)","imgUrl":"https://s1.dia.es/medias/hc7/h91/9502025908254.jpg"},{"title":"PH bandejas con boldas 25 x 34 cm pack 5 uds","price":"2,35 €","pricePerUnit":"(2,35 €/ud.)","imgUrl":"https://s2.dia.es/medias/hb3/h3d/9592289230878.jpg"},{"title":"QUTIN cuchara de madera de bambú 30 cm","price":"0,89 €","pricePerUnit":"(0,89 €/ud.)","imgUrl":"https://s2.dia.es/medias/h49/h9e/9592288247838.jpg"},{"title":"Vela cumpleaños Nº 0","price":"0,59 €","pricePerUnit":"(0,59 €/ud.)","imgUrl":"https://s1.dia.es/medias/h42/h3c/9389419364382.jpg"},{"title":"Vela cumpleaños Nº 1","price":"0,59 €","pricePerUnit":"(0,59 €/ud.)","imgUrl":"https://s1.dia.es/medias/h6a/hc3/9389416415262.jpg"},{"title":"Vela cumpleaños Nº 2","price":"0,59 €","pricePerUnit":"(0,59 €/ud.)","imgUrl":"https://s3.dia.es/medias/h29/h1e/9389420675102.jpg"},{"title":"Vela cumpleaños Nº 3","price":"0,59 €","pricePerUnit":"(0,59 €/ud.)","imgUrl":"https://s0.dia.es/medias/h9a/h20/9389416087582.jpg"},{"title":"Vela cumpleaños Nº 4","price":"0,59 €","pricePerUnit":"(0,59 €/ud.)","imgUrl":"https://s1.dia.es/medias/ha3/h04/9389415759902.jpg"},{"title":"Vela cumpleaños Nº 5","price":"0,59 €","pricePerUnit":"(0,59 €/ud.)","imgUrl":"https://s3.dia.es/medias/hdd/hc8/9389417070622.jpg"},{"title":"Vela cumpleaños Nº 7","price":"0,59 €","pricePerUnit":"(0,59 €/ud.)","imgUrl":"https://s2.dia.es/medias/h01/h81/9389420019742.jpg"},{"title":"Vela cumpleaños Nº 8","price":"0,59 €","pricePerUnit":"(0,59 €/ud.)","imgUrl":"https://s3.dia.es/medias/hf6/h05/9389418709022.jpg"},{"title":"Vela cumpleaños Nº 9","price":"0,59 €","pricePerUnit":"(0,59 €/ud.)","imgUrl":"https://s2.dia.es/medias/h82/h1e/9389418053662.jpg"}]}}},"mascotas":{"name":"Mascotas","subCategoriesName":["gatos","perros","resto-animales","accesorios"],"gatos":{"name":"Gatos","productTypes":["alimento-humedo","alimento-seco","snacks","arena-higiene"],"alimento-humedo":{"categoryUrl":"/compra-online/productos/mascotas/gatos/alimento-humedo/c/WEB.012.108.00666","products":[{"title":"AS alimento  para gatos trozos en gelatina sobres 4x100 gr","price":"1,12 €","pricePerUnit":"(2,80 €/Kg.)","imgUrl":"https://s2.dia.es/medias/h29/h86/9125409685534.jpg"},{"title":"AS alimento  para gatos trozos en salsa sobres 4x100 gr","price":"1,12 €","pricePerUnit":"(2,80 €/Kg.)","imgUrl":"https://s2.dia.es/medias/hed/hc3/9125408702494.jpg"},{"title":"AS alimento para gatos bocados deliciosos con atún y salmón lata 415 gr","price":"0,39 €","pricePerUnit":"(0,94 €/Kg.)","imgUrl":"https://s0.dia.es/medias/hb3/ha7/8961306853406.jpg"},{"title":"AS alimento para gatos bocados deliciosos con ave lata 415 gr","price":"0,39 €","pricePerUnit":"(0,94 €/Kg.)","imgUrl":"https://s2.dia.es/medias/hf4/hc7/8961344405534.jpg"},{"title":"AS alimento para gatos cocktail con ave lata 400 gr","price":"0,39 €","pricePerUnit":"(0,98 €/Kg.)","imgUrl":"https://s3.dia.es/medias/h58/h48/8961309278238.jpg"},{"title":"AS alimento para gatos cocktail con pescado lata 400 gr","price":"0,39 €","pricePerUnit":"(0,98 €/Kg.)","imgUrl":"https://s1.dia.es/medias/hb1/h4e/8961318780958.jpg"},{"title":"AS alimento para gatos cocktail con venado lata 400 gr","price":"0,39 €","pricePerUnit":"(0,98 €/Kg.)","imgUrl":"https://s0.dia.es/medias/h63/h9f/8961298661406.jpg"},{"title":"AS alimento para gatos con cordero e hígado tarro 100 gr","price":"0,30 €","pricePerUnit":"(3,00 €/Kg.)","imgUrl":"https://s1.dia.es/medias/ha7/hca/9104449667102.jpg"},{"title":"AS alimento para gatos en gelatina ave/pato lata 400 gr","price":"0,39 €","pricePerUnit":"(0,98 €/Kg.)","imgUrl":"https://s2.dia.es/medias/h71/h53/8961315504158.jpg"},{"title":"AS alimento para gatos en gelatina con conejo tarro 100 gr","price":"0,39 €","pricePerUnit":"(3,90 €/Kg.)","imgUrl":"https://s1.dia.es/medias/h2a/h71/9127052083230.jpg"},{"title":"AS alimento para gatos gourmet mix pescado pack 4 x 85 gr","price":"1,66 €","pricePerUnit":"(4,88 €/Kg.)","imgUrl":"https://s0.dia.es/medias/h80/hc5/9248246038558.jpg"},{"title":"AS alimento para gatos junior pollo/pavo tarro 100 gr","price":"0,30 €","pricePerUnit":"(3,00 €/Kg.)","imgUrl":"https://s0.dia.es/medias/hc3/he5/9104449339422.jpg"},{"title":"AS bocaditos en gelatina para gatos adultos 12 x 100 gr","price":"3,55 €","pricePerUnit":"(2,96 €/Kg.)","imgUrl":"https://s1.dia.es/medias/hfa/hee/9125430951966.jpg"},{"title":"AS bocaditos en salsa para gatos adultos 12 x 100 gr","price":"3,83 €","pricePerUnit":"(3,19 €/Kg.)","imgUrl":"https://s3.dia.es/medias/he7/heb/9125438324766.jpg"},{"title":"AS bocaditos para gatos deliciosos con carne de vaca lata 415 gr","price":"0,39 €","pricePerUnit":"(0,94 €/Kg.)","imgUrl":"https://s1.dia.es/medias/h91/hdc/8858510950430.png"},{"title":"AS Mix gourmet alimento para gatos con carne tarro 4 x 85 gr","price":"1,66 €","pricePerUnit":"(4,88 €/Kg.)","imgUrl":"https://s2.dia.es/medias/h29/hfe/8900987486238.png"},{"title":"AS paté para gatos con atún tarrina 100 gr","price":"0,39 €","pricePerUnit":"(3,90 €/Kg.)","imgUrl":"https://s2.dia.es/medias/hda/hcf/9082995376158.jpg"},{"title":"AS paté para gatos con pato tarro 100 gr","price":"0,39 €","pricePerUnit":"(3,90 €/Kg.)","imgUrl":"https://s0.dia.es/medias/he5/h61/9397011120158.jpg"},{"title":"AS paté para gatos junior con ternera tarro 100 gr","price":"0,39 €","pricePerUnit":"(3,90 €/Kg.)","imgUrl":"https://s0.dia.es/medias/h10/h16/9104445734942.jpg"},{"title":"AS paté para gatos light tarro 100 gr","price":"0,57 €","pricePerUnit":"(5,70 €/Kg.)","imgUrl":"https://s1.dia.es/medias/h44/ha0/9127130595358.jpg"},{"title":"BREKKIES Excel alimento para gatos caprichos de pollo y pavo tarrina 100 gr","price":"0,60 €","pricePerUnit":"(6,00 €/Kg.)","imgUrl":"https://s0.dia.es/medias/hb5/hbf/8905299918878.jpg"},{"title":"DIA alimento  para gatos albondigas atun verdura lata 400 gr","price":"0,79 €","pricePerUnit":"(1,98 €/Kg.)","imgUrl":"https://s1.dia.es/medias/h9a/h59/8961329070110.jpg"},{"title":"DIA alimento para gatos paté trozos carne e higado lata 400 gr","price":"1,14 €","pricePerUnit":"(2,85 €/Kg.)","imgUrl":"https://s3.dia.es/medias/hd3/h45/8959502811166.png"},{"title":"FELIX alimento para gatos en gelatina selección de pescados bolsa 4 x 100gr","price":"1,43 €","pricePerUnit":"(3,58 €/Kg.)","imgUrl":"https://s2.dia.es/medias/h2f/h23/9375612141598.jpg"},{"title":"FELIX alimento para gatos sabor seleccion de carnes bolsa 4 pack x 100 g","price":"1,43 €","pricePerUnit":"(3,58 €/Kg.)","imgUrl":"https://s2.dia.es/medias/h66/h87/9658935771166.jpg"},{"title":"FELIX Fantastic alimento para gatos en gelatina selección de carnes 4x100 gr","price":"1,97 €","pricePerUnit":"(4,93 €/Kg.)","imgUrl":"https://s2.dia.es/medias/h4e/hfd/9375642517534.jpg"},{"title":"FELIX Fantastic alimento para gatos en gelatina selección de pescados 4x100 gr","price":"1,97 €","pricePerUnit":"(4,93 €/Kg.)","imgUrl":"https://s0.dia.es/medias/h67/h22/9569442922526.jpg"},{"title":"FELIX Sensations alimento para gatos en gelatina buey con tomate 4x100 gr","price":"2,05 €","pricePerUnit":"(5,12 €/Kg.)","imgUrl":"https://s2.dia.es/medias/h6d/h20/9564268593182.jpg"},{"title":"FIRST CLASS alimento para gatos en gelatina rico en atún con gambas 400 gr","price":"0,99 €","pricePerUnit":"(2,47 €/Kg.)","imgUrl":"https://s2.dia.es/medias/h49/h48/8868504731678.png"},{"title":"FIRST CLASS alimento para gatos en gelatina rico en cordero con pavo 400 gr","price":"0,99 €","pricePerUnit":"(2,47 €/Kg.)","imgUrl":"https://s1.dia.es/medias/hff/h38/8868546674718.png"},{"title":"FIRST CLASS alimento para gatos en gelatina rico en pato con pollo 400 gr","price":"0,99 €","pricePerUnit":"(2,47 €/Kg.)","imgUrl":"https://s0.dia.es/medias/h00/h1a/8868503683102.png"},{"title":"GOURMET alimento para gatos varios sabores caja 6 x 50 gr","price":"2,29 €","pricePerUnit":"(7,63 €/Kg.)","imgUrl":"https://s0.dia.es/medias/hd6/he9/9366085992478.jpg"},{"title":"GOURMET Diamant alimento para gatos con pollo tarro 85 gr","price":"0,67 €","pricePerUnit":"(7,88 €/Kg.)","imgUrl":"https://s2.dia.es/medias/hde/h46/9658044809246.jpg"},{"title":"GOURMET Diamant finas lonchas de carne en salsa con pollo para gatos 85 gr","price":"1,19 €","pricePerUnit":"(14,00 €/Kg.)","imgUrl":"https://s2.dia.es/medias/h4d/h02/9365697101854.jpg"},{"title":"GOURMET Diamant finas lonchas de carne en salsa de buey para gatos 85 gr","price":"1,19 €","pricePerUnit":"(14,00 €/Kg.)","imgUrl":"https://s0.dia.es/medias/h79/haf/9366058139678.jpg"},{"title":"GOURMET Diamant finas láminas de gelatina con atún/gambas para gatos 85 gr","price":"1,19 €","pricePerUnit":"(14,00 €/Kg.)","imgUrl":"https://s2.dia.es/medias/h54/had/9366234562590.jpg"},{"title":"GOURMET Gold alimento para gatos con conejo tarro 85 gr","price":"0,67 €","pricePerUnit":"(7,88 €/Kg.)","imgUrl":"https://s1.dia.es/medias/h3b/hcb/9657960464414.jpg"},{"title":"GOURMET Gold alimento para gatos con salmón tarro 85 gr","price":"0,67 €","pricePerUnit":"(7,88 €/Kg.)","imgUrl":"https://s3.dia.es/medias/he2/haa/9658062307358.jpg"},{"title":"GOURMET GOLD alimento para gatos doble sabor lata 8x85 gr","price":"4,39 €","pricePerUnit":"(6,46 €/Kg.)","imgUrl":"https://s1.dia.es/medias/h14/ha1/9658057392158.jpg"},{"title":"GOURMET Gold alimento para gatos pollo con zanahorias tarro 85 gr","price":"0,67 €","pricePerUnit":"(7,88 €/Kg.)","imgUrl":"https://s1.dia.es/medias/h05/hb2/9658090618910.jpg"},{"title":"GOURMET Gold alimento para gatos pollo/hígado tarro 85 gr","price":"0,67 €","pricePerUnit":"(7,88 €/Kg.)","imgUrl":"https://s2.dia.es/medias/h5e/hef/9658033668126.jpg"},{"title":"GOURMET Gold mousse para gatos con buey tarro 85 gr","price":"0,67 €","pricePerUnit":"(7,88 €/Kg.)","imgUrl":"https://s1.dia.es/medias/hd2/h74/9658057719838.jpg"},{"title":"GOURMET Gold mousse para gatos con pescado tarro 85 gr","price":"0,67 €","pricePerUnit":"(7,88 €/Kg.)","imgUrl":"https://s2.dia.es/medias/h40/h8e/9657960857630.jpg"},{"title":"GOURMET Gold mousse para gatos de pato y espinacas tarro 85 gr","price":"0,67 €","pricePerUnit":"(7,88 €/Kg.)","imgUrl":"https://s1.dia.es/medias/h7e/h81/9658051756062.jpg"},{"title":"GOURMET Gold mousse para gatos varios sabores 8x85 gr","price":"4,39 €","pricePerUnit":"(6,46 €/Kg.)","imgUrl":"https://s1.dia.es/medias/hd9/h2e/9658081706014.jpg"},{"title":"GOURMET Gold pescado del océano en salsa de bechamel con espinacas tarro 85 gr","price":"0,67 €","pricePerUnit":"(7,88 €/Kg.)","imgUrl":"https://s2.dia.es/medias/h9b/h76/9657977503774.jpg"},{"title":"GOURMET Mon petit alimento para gatos con atún/salmón/trucha caja 6 x 50 gr","price":"2,49 €","pricePerUnit":"(8,30 €/Kg.)","imgUrl":"https://s1.dia.es/medias/h47/h6e/9366031204382.jpg"},{"title":"GOURMET perle alimento para gatos con atún en salsa  4 x 85 g","price":"2,95 €","pricePerUnit":"(8,68 €/Kg.)","imgUrl":"https://s1.dia.es/medias/h63/hba/9523041271838.jpg"},{"title":"GOURMET perle alimento para gatos con pollo en salsa  4 x 85 g","price":"2,99 €","pricePerUnit":"(8,79 €/Kg.)","imgUrl":"https://s3.dia.es/medias/ha3/h46/9503212306462.jpg"},{"title":"GOURMET Perle alimento para gatos en gelatina mix bolsa 4 x 85 gr","price":"2,99 €","pricePerUnit":"(8,79 €/Kg.)","imgUrl":"https://s0.dia.es/medias/hc9/h06/9365696774174.jpg"},{"title":"GOURMET PERLE finas laminas surtidas en salsa para gatos pack 4 x 85 gr","price":"2,95 €","pricePerUnit":"(8,68 €/Kg.)","imgUrl":"https://s1.dia.es/medias/h77/h29/9366002040862.jpg"},{"title":"SHEBA Délices alimento para gatos selección de aves bolsa 300 gr","price":"2,62 €","pricePerUnit":"(8,73 €/Kg.)","imgUrl":"https://s2.dia.es/medias/h04/h38/8975313797150.jpg"},{"title":"ULTIMA bocaditos para gatos esterilizados multipack 4 x 85 gr","price":"2,55 €","pricePerUnit":"(7,50 €/Kg.)","imgUrl":"https://s0.dia.es/medias/h6f/h18/9549377077278.jpg"},{"title":"WHISKAS alimento para gatos en gelatina casserole aves bolsa 4 x 85 gr","price":"1,95 €","pricePerUnit":"(0,49 €/ud.)","imgUrl":"https://s1.dia.es/medias/hae/h40/9175916937246.jpg"},{"title":"WHISKAS alimento para gatos en gelatina selección aves bolsa 4 x 100 gr","price":"1,79 €","pricePerUnit":"(4,48 €/Kg.)","imgUrl":"https://s1.dia.es/medias/hf7/h14/8853893578782.png"},{"title":"WHISKAS alimento para gatos en salsa selección de carnes bolsa 4 x 100 gr","price":"1,79 €","pricePerUnit":"(4,48 €/Kg.)","imgUrl":"https://s3.dia.es/medias/h47/hc2/8853595455518.png"},{"title":"WHISKAS alimento para gatos sabores del mar bolsa 4 x 100 gr","price":"1,85 €","pricePerUnit":"(4,63 €/Kg.)","imgUrl":"https://s2.dia.es/medias/hf3/hb7/8855989420062.png"},{"title":"WHISKAS Platitos del día pollo/pavo/aves bolsa 6 x 50 gr","price":"1,99 €","pricePerUnit":"(6,63 €/Kg.)","imgUrl":"https://s2.dia.es/medias/hee/hbc/9004132663326.jpg"}]},"alimento-seco":{"categoryUrl":"/compra-online/productos/mascotas/gatos/alimento-seco/c/WEB.012.108.00667","products":[{"title":"AS alimento para gatos control bolas de pelo rico en salmón con guisantes bolsa 1.5 Kg","price":"3,62 €","pricePerUnit":"(2,41 €/Kg.)","imgUrl":"https://s1.dia.es/medias/h31/he1/9076968292382.jpg"},{"title":"AS alimento para gatos control tracto urinario con conejo, arroz y guisantes bolsa 1.5 Kg","price":"3,62 €","pricePerUnit":"(2,41 €/Kg.)","imgUrl":"https://s3.dia.es/medias/hb6/h08/9037603078174.jpg"},{"title":"AS alimento para gatos esterilizados bolsa 1,5 kg","price":"3,41 €","pricePerUnit":"(2,27 €/Kg.)","imgUrl":"https://s2.dia.es/medias/hd7/hbd/9076985069598.jpg"},{"title":"AS alimento para gatos junior bolsa 1,5 kg","price":"5,27 €","pricePerUnit":"(3,51 €/Kg.)","imgUrl":"https://s0.dia.es/medias/hce/he9/9076972290078.jpg"},{"title":"AS alimento para gatos multicomponente carne bolsa 7 Kg","price":"10,36 €","pricePerUnit":"(1,48 €/Kg.)","imgUrl":"https://s2.dia.es/medias/hb9/h40/9037586628638.jpg"},{"title":"AS alimento para gatos multicomponente pescado bolsa 4 kg","price":"5,66 €","pricePerUnit":"(1,42 €/Kg.)","imgUrl":"https://s0.dia.es/medias/h77/h9c/9037548290078.jpg"},{"title":"AS alimento para gatos rico en ave bolsa 4 kg","price":"5,78 €","pricePerUnit":"(1,45 €/Kg.)","imgUrl":"https://s2.dia.es/medias/hcc/ha6/9076978188318.jpg"},{"title":"AS alimento para gatos senior bolsa 1,5 Kg","price":"4,29 €","pricePerUnit":"(2,86 €/Kg.)","imgUrl":"https://s1.dia.es/medias/h5a/hc7/9077018296350.jpg"},{"title":"AS Selection alimento para gatos rico en pollo y arroz bolsa 800 gr","price":"2,91 €","pricePerUnit":"(3,64 €/Kg.)","imgUrl":"https://s0.dia.es/medias/h6a/he9/9083007664158.jpg"},{"title":"AS Selection alimento para gatos rico en salmón y arroz bolsa 800 gr","price":"2,91 €","pricePerUnit":"(3,64 €/Kg.)","imgUrl":"https://s3.dia.es/medias/h24/hd1/9083011334174.jpg"},{"title":"BREKKIES alimento para gatos esterilizados con pollo bolsa 1.5 Kg","price":"4,39 €","pricePerUnit":"(2,93 €/Kg.)","imgUrl":"https://s2.dia.es/medias/h04/h69/8957735501854.png"},{"title":"BREKKIES alimento para gatos junior con pollo, arroz y leche bolsa 400 gr","price":"1,69 €","pricePerUnit":"(4,23 €/Kg.)","imgUrl":"https://s2.dia.es/medias/h94/h99/9015828414494.jpg"},{"title":"BREKKIES EXCEL alimento para gatos mix buey bolsa  1,5 kg","price":"3,99 €","pricePerUnit":"(2,66 €/Kg.)","imgUrl":"https://s1.dia.es/medias/h22/h9c/8901941592094.jpg"},{"title":"BREKKIES EXCEL alimento para gatos sabor salmón y atún bolsa 4 kg","price":"8,49 €","pricePerUnit":"(2,12 €/Kg.)","imgUrl":"https://s1.dia.es/medias/hc4/h8f/8913538547742.png"},{"title":"BREKKIES Excel alimento para gatos sabor salmón, atún y verduras bolsa 1.5 Kg","price":"3,99 €","pricePerUnit":"(2,66 €/Kg.)","imgUrl":"https://s2.dia.es/medias/hd9/h4f/8901738201118.jpg"},{"title":"BREKKIES EXEL alimento para gatos caprichos de la granja bolsa 4 Kg","price":"8,49 €","pricePerUnit":"(2,12 €/Kg.)","imgUrl":"https://s2.dia.es/medias/h2e/h68/8832053903390.png"},{"title":"FRISKIES alimento para gatos con buey, pollo y verduras bolsa 1.5 Kg","price":"3,79 €","pricePerUnit":"(2,53 €/Kg.)","imgUrl":"https://s0.dia.es/medias/hf7/h79/9376142917662.jpg"},{"title":"FRISKIES alimento para gatos con conejo, pollo y verduras bolsa 1.5 Kg","price":"3,79 €","pricePerUnit":"(2,53 €/Kg.)","imgUrl":"https://s2.dia.es/medias/hf9/h61/9376151109662.jpg"},{"title":"FRISKIES alimento para gatos especial control bolas de pelo bolsa 1.5 Kg","price":"4,29 €","pricePerUnit":"(2,86 €/Kg.)","imgUrl":"https://s3.dia.es/medias/had/h77/9564185264158.jpg"},{"title":"FRISKIES alimento para gatos esterilizados bolsa 1.5 Kg","price":"4,29 €","pricePerUnit":"(2,86 €/Kg.)","imgUrl":"https://s0.dia.es/medias/h1d/h97/9376163889182.jpg"},{"title":"FRISKIES alimento para gatos junior con pollo, leche y verduras bolsa 1.5 Kg","price":"4,29 €","pricePerUnit":"(2,86 €/Kg.)","imgUrl":"https://s3.dia.es/medias/h76/h2c/9376055132190.jpg"},{"title":"FRISKIES alimento para gatos salmon bolsa 3 kg","price":"5,95 €","pricePerUnit":"(1,98 €/Kg.)","imgUrl":"https://s1.dia.es/medias/h32/hae/8855959535646.png"},{"title":"PURINA One alimento para gatos adultos rico en pollo bolsa 800 gr","price":"3,85 €","pricePerUnit":"(4,81 €/Kg.)","imgUrl":"https://s3.dia.es/medias/h3a/he5/9365951578142.jpg"},{"title":"PURINA One alimento para gatos adultos rico en salmón bolsa 800 gr","price":"3,85 €","pricePerUnit":"(4,81 €/Kg.)","imgUrl":"https://s3.dia.es/medias/hd8/h9b/9365987622942.jpg"},{"title":"PURINA ONE alimento para gatos control bolas de pelo rico en pollo 800 gr","price":"4,20 €","pricePerUnit":"(5,25 €/Kg.)","imgUrl":"https://s2.dia.es/medias/h63/h6a/9366117449758.jpg"},{"title":"PURINA One alimento para gatos esterilizados rico en buey bolsa 800 gr","price":"3,85 €","pricePerUnit":"(4,81 €/Kg.)","imgUrl":"https://s2.dia.es/medias/h8e/h86/9366281093150.jpg"},{"title":"PURINA One alimento para gatos junior bolsa 450 gr","price":"2,49 €","pricePerUnit":"(5,53 €/Kg.)","imgUrl":"https://s3.dia.es/medias/h44/h15/9023475613726.jpg"},{"title":"PURINA One alimento para gatos tracto urinario rico en pollo bolsa 800 gr","price":"3,85 €","pricePerUnit":"(4,81 €/Kg.)","imgUrl":"https://s2.dia.es/medias/h08/hb4/9365917827102.jpg"},{"title":"PURINA ONE Sensitive alimento para gatos con pavo y arroz bolsa 800 gr","price":"3,85 €","pricePerUnit":"(4,81 €/Kg.)","imgUrl":"https://s2.dia.es/medias/hfc/h92/9366027927582.jpg"},{"title":"ULTIMA alimento para gatos adulto sabor salmón bolsa 800 gr","price":"4,10 €","pricePerUnit":"(5,12 €/Kg.)","imgUrl":"https://s1.dia.es/medias/h65/hf4/9549330546718.jpg"},{"title":"ULTIMA alimento para gatos adultos sabor pollo bolsa 1.5 kg","price":"7,39 €","pricePerUnit":"(4,93 €/Kg.)","imgUrl":"https://s3.dia.es/medias/h4c/h8b/9549232767006.jpg"},{"title":"ULTIMA alimento para gatos control bolas de pelo bolsa 1.5 kg","price":"7,45 €","pricePerUnit":"(4,97 €/Kg.)","imgUrl":"https://s3.dia.es/medias/hc6/h16/9549215399966.jpg"},{"title":"ULTIMA alimento para gatos control bolas de pelo con pavo bolsa 800 gr","price":"4,10 €","pricePerUnit":"(5,12 €/Kg.)","imgUrl":"https://s3.dia.es/medias/h8a/h7d/9549400014878.jpg"},{"title":"ULTIMA alimento para gatos control tracto urinario bolsa 800 gr","price":"4,10 €","pricePerUnit":"(5,12 €/Kg.)","imgUrl":"https://s2.dia.es/medias/h31/h27/9549230800926.jpg"},{"title":"ULTIMA alimento para gatos especial digestión delicada bolsa 1.5 Kg","price":"7,55 €","pricePerUnit":"(5,03 €/Kg.)","imgUrl":"https://s1.dia.es/medias/ha1/h99/9549331857438.jpg"},{"title":"ULTIMA alimento para gatos esterilizados anti bolas de pelo con pavo 1.5 Kg","price":"7,49 €","pricePerUnit":"(4,99 €/Kg.)","imgUrl":"https://s1.dia.es/medias/ha7/h12/9015900766238.jpg"},{"title":"ULTIMA alimento para gatos esterilizados bolsa 800 gr","price":"4,10 €","pricePerUnit":"(5,12 €/Kg.)","imgUrl":"https://s0.dia.es/medias/hd0/h50/9549335134238.jpg"},{"title":"ULTIMA alimento para gatos junior rico en pollo y arroz bolsa 400 gr","price":"2,29 €","pricePerUnit":"(5,73 €/Kg.)","imgUrl":"https://s2.dia.es/medias/hae/h0b/9549387890718.jpg"},{"title":"ULTIMA alimento para gatos senior estirilizados bolsa 800 gr","price":"4,10 €","pricePerUnit":"(5,12 €/Kg.)","imgUrl":"https://s3.dia.es/medias/h00/h54/9549308854302.jpg"},{"title":"ULTIMA Nature alimento para gatos adultos con pollo bolsa 1.2 Kg","price":"8,25 €","pricePerUnit":"(6,60 €/Kg.)","imgUrl":"https://s3.dia.es/medias/h26/h32/9549230473246.jpg"},{"title":"ULTIMA Nature alimento para gatos adultos con salmón bolsa 400 gr","price":"2,85 €","pricePerUnit":"(7,13 €/Kg.)","imgUrl":"https://s3.dia.es/medias/h23/h97/9549208191006.jpg"},{"title":"WHISKAS alimento para gatos esterilizados con salmón bolsa 800 gr","price":"2,99 €","pricePerUnit":"(3,74 €/Kg.)","imgUrl":"https://s3.dia.es/medias/h69/hdd/8959493832734.png"},{"title":"WHISKAS alimento para gatos junior con pollo bolsa 800 gr","price":"2,99 €","pricePerUnit":"(3,74 €/Kg.)","imgUrl":"https://s2.dia.es/medias/h44/h8d/8958552113182.png"}]},"snacks":{"categoryUrl":"/compra-online/productos/mascotas/gatos/snacks/c/WEB.012.108.00668","products":[{"title":"AS alimento para gatos complementario malta tubo 100 ml","price":"3,55 €","pricePerUnit":"(35,50 €/l.)","imgUrl":"https://s3.dia.es/medias/h69/h25/8958752129054.png"},{"title":"AS hierba para gatos bandeja 100 gr","price":"1,99 €","pricePerUnit":"(1,99 €/ud.)","imgUrl":"https://s3.dia.es/medias/h1d/hb9/8962563571742.jpg"},{"title":"AS snack para gatos control bolas de pelo bolsa 60 gr","price":"1,49 €","pricePerUnit":"(24,83 €/Kg.)","imgUrl":"https://s0.dia.es/medias/h35/h29/8961279066142.jpg"},{"title":"AS snack para gatos de pollo bolsa 60 gr","price":"1,14 €","pricePerUnit":"(19,00 €/Kg.)","imgUrl":"https://s1.dia.es/medias/h69/h23/8961297416222.jpg"},{"title":"AS snack para gatos rico en salmón bolsa 10 uds","price":"1,33 €","pricePerUnit":"(0,13 €/ud.)","imgUrl":"https://s3.dia.es/medias/h7b/h87/8962594242590.jpg"},{"title":"AS snack para gatos sabor salmón bolsa 60 gr","price":"0,99 €","pricePerUnit":"(16,50 €/Kg.)","imgUrl":"https://s2.dia.es/medias/h1d/h8f/8919065919518.png"},{"title":"CATISFACTIONS snack para gatos sabor salmón bolsa 60 gr","price":"1,49 €","pricePerUnit":"(24,83 €/Kg.)","imgUrl":"https://s0.dia.es/medias/h71/h5d/9086086578206.jpg"},{"title":"FELIX snack para gatos party mix original bolsa 60 gr","price":"1,50 €","pricePerUnit":"(25,00 €/Kg.)","imgUrl":"https://s0.dia.es/medias/h08/hf4/9375662506014.jpg"},{"title":"MARS snack para gatos de pollo bolsa 60 gr","price":"1,49 €","pricePerUnit":"(24,83 €/Kg.)","imgUrl":"https://s1.dia.es/medias/hab/hb0/8858400718878.png"},{"title":"WHISKAS snack para gatos anti bola tarrina 60 gr","price":"2,39 €","pricePerUnit":"(39,83 €/Kg.)","imgUrl":"https://s0.dia.es/medias/hf2/hed/8854956605470.png"},{"title":"WHISKAS snack para gatos sabor pollo bolsa 18 gr","price":"1,19 €","pricePerUnit":"(66,11 €/Kg.)","imgUrl":"https://s1.dia.es/medias/h3c/h29/8857911623710.png"},{"title":"WHISKAS snack para gatos sabor salmón bolsa 18 gr","price":"1,19 €","pricePerUnit":"(66,11 €/Kg.)","imgUrl":"https://s2.dia.es/medias/h3a/hed/8857883312158.png"},{"title":"WHISKAS Temptations snack para gatos sabor salmón 60 gr","price":"2,39 €","pricePerUnit":"(39,83 €/Kg.)","imgUrl":"https://s3.dia.es/medias/h63/h0e/8856346165278.png"}]},"arena-higiene":{"categoryUrl":"/compra-online/productos/mascotas/gatos/arena-higiene/c/WEB.012.108.00675","products":[{"title":"CASINO arena de gel silice para gatos bolsa 5 lt","price":"4,37 €","pricePerUnit":"(0,87 €/l.)","imgUrl":"https://s1.dia.es/medias/h68/h96/9561893306398.jpg"},{"title":"VITAKRAFT arena para gatos magic clean bolsa 1.85 Kg","price":"4,20 €","pricePerUnit":"(2,27 €/Kg.)","imgUrl":"https://s1.dia.es/medias/hd5/hb1/9052675801118.jpg"},{"title":"VITAKRAFT arena para gatos ultra compact caja 4 Kg","price":"3,99 €","pricePerUnit":"(1,00 €/Kg.)","imgUrl":"https://s0.dia.es/medias/h1f/h7e/9077872492574.jpg"}]}},"perros":{"name":"Perros","productTypes":["alimento-humedo","alimento-seco","snacks"],"alimento-humedo":{"categoryUrl":"/compra-online/productos/mascotas/perros/alimento-humedo/c/WEB.012.111.00671","products":[{"title":"AS alimento para perros 5 carnes 400 gr","price":"0,69 €","pricePerUnit":"(1,72 €/Kg.)","imgUrl":"https://s0.dia.es/medias/hc5/hde/8858505707550.png"},{"title":"AS alimento para perros junior con ave y arroz lata 400 gr","price":"0,69 €","pricePerUnit":"(1,72 €/Kg.)","imgUrl":"https://s0.dia.es/medias/hc4/h89/8961336016926.jpg"},{"title":"AS alimento para perros junior con carne tarrina 150 gr","price":"0,49 €","pricePerUnit":"(3,27 €/Kg.)","imgUrl":"https://s0.dia.es/medias/h91/h70/9158129319966.jpg"},{"title":"AS alimento para perros senior con carne tarrina 150 gr","price":"0,49 €","pricePerUnit":"(3,27 €/Kg.)","imgUrl":"https://s3.dia.es/medias/hb1/h43/9158094323742.jpg"},{"title":"AS bocaditos en salsa para perros mini multipack bolsa 4 x 100 gr","price":"1,59 €","pricePerUnit":"(3,98 €/Kg.)","imgUrl":"https://s2.dia.es/medias/h8b/h74/9127026130974.jpg"},{"title":"AS paté para perros con pavo y cordero tarrina 150 gr","price":"0,49 €","pricePerUnit":"(3,27 €/Kg.)","imgUrl":"https://s3.dia.es/medias/h26/h3f/9158100221982.jpg"},{"title":"AS paté para perros medianos light con pollo tarrina 300 gr","price":"0,99 €","pricePerUnit":"(3,30 €/Kg.)","imgUrl":"https://s2.dia.es/medias/hd4/heb/9110086090782.jpg"},{"title":"AS paté para perros mini adulto con buey e hígado tarrina 150 gr","price":"0,49 €","pricePerUnit":"(3,27 €/Kg.)","imgUrl":"https://s3.dia.es/medias/hfa/h07/9129178398750.jpg"},{"title":"AS paté para perros mini adulto con ternera y ave tarrina 150 gr","price":"0,49 €","pricePerUnit":"(3,27 €/Kg.)","imgUrl":"https://s3.dia.es/medias/h55/h63/9158085083166.jpg"},{"title":"AS paté para perros senior rico en pollo con verduras tarrina 300 gr","price":"0,56 €","pricePerUnit":"(1,87 €/Kg.)","imgUrl":"https://s0.dia.es/medias/hc8/h1b/9102824407070.jpg"},{"title":"AS trocitos jugosos para perros con ave y arroz lata 1.240 Kg","price":"1,05 €","pricePerUnit":"(0,85 €/Kg.)","imgUrl":"https://s3.dia.es/medias/hb7/h20/8858430079006.png"},{"title":"AS trocitos jugosos para perros con pavo e hígado lata 1.240 Kg","price":"1,05 €","pricePerUnit":"(0,85 €/Kg.)","imgUrl":"https://s3.dia.es/medias/h67/h4a/8858522484766.png"},{"title":"AS trocitos jugosos para perros con vaca lata 1.240 Kg","price":"1,05 €","pricePerUnit":"(0,85 €/Kg.)","imgUrl":"https://s0.dia.es/medias/hcb/h55/8956453519390.png"},{"title":"AS trocitos jugosos para perros con venado y zanahorias lata 1.240 Kg","price":"1,05 €","pricePerUnit":"(0,85 €/Kg.)","imgUrl":"https://s3.dia.es/medias/h01/h49/8858421166110.png"},{"title":"CESAR alimento para perros con pollo tarrina 150 gr","price":"1,03 €","pricePerUnit":"(6,87 €/Kg.)","imgUrl":"https://s3.dia.es/medias/hd2/h0f/9125449465886.jpg"},{"title":"CESAR alimento para perros pollo y verduras guisadas en salsa 100 gr","price":"0,80 €","pricePerUnit":"(8,00 €/Kg.)","imgUrl":"https://s1.dia.es/medias/hdc/h28/8853735702558.png"},{"title":"CESAR paté para perros senior con pollo tarrina 150 gr","price":"1,09 €","pricePerUnit":"(7,27 €/Kg.)","imgUrl":"https://s3.dia.es/medias/hea/h8e/9125415157790.jpg"},{"title":"CESAR Selección de la huerta alimento para perros con pollo tarrina 150 gr","price":"1,09 €","pricePerUnit":"(7,27 €/Kg.)","imgUrl":"https://s3.dia.es/medias/hfc/h65/9125414764574.jpg"},{"title":"CESAR Selección especial alimento para perros completo multipack 4 x 150 gr","price":"3,89 €","pricePerUnit":"(6,48 €/Kg.)","imgUrl":"https://s1.dia.es/medias/h1b/h8a/9125417877534.jpg"},{"title":"DIA alimento  para perros salchicha carne 1 kg","price":"1,35 €","pricePerUnit":"(1,35 €/Kg.)","imgUrl":"https://s2.dia.es/medias/h32/h26/8961341063198.jpg"},{"title":"DIA paté para perros cachorros con pollo, pavo y verduras tarrina 300 gr","price":"1,03 €","pricePerUnit":"(3,43 €/Kg.)","imgUrl":"https://s0.dia.es/medias/h66/h22/9158110576670.jpg"},{"title":"DIA salchicha para perros con pollo, arroz y zanahoria pieza 1 Kg","price":"1,35 €","pricePerUnit":"(1,35 €/Kg.)","imgUrl":"https://s0.dia.es/medias/h97/h41/8834836856862.png"},{"title":"FIRST CLASS alimento para perros adultos selección de pollo y aves caja 8 x 150 gr","price":"4,99 €","pricePerUnit":"(4,16 €/Kg.)","imgUrl":"https://s1.dia.es/medias/h31/h2c/9110081372190.jpg"},{"title":"FIRST CLASS alimento para perros rico en cordero con guisantes y pasta 400 gr","price":"0,99 €","pricePerUnit":"(2,47 €/Kg.)","imgUrl":"https://s0.dia.es/medias/hf3/h04/8868527276062.png"},{"title":"FIRST CLASS alimento para perros rico en pavo con pollo y zanahoria lata 400 gr","price":"0,99 €","pricePerUnit":"(2,47 €/Kg.)","imgUrl":"https://s2.dia.es/medias/h32/h1e/8868538810398.png"},{"title":"FIRST CLASS paté para perros adultos con cordero arroz y verduras 400 gr","price":"1,59 €","pricePerUnit":"(3,98 €/Kg.)","imgUrl":"https://s0.dia.es/medias/h36/h15/8868584423454.png"},{"title":"FIRST CLASS paté para perros adultos rico en buey con patata y arroz tarrina 400 gr","price":"1,59 €","pricePerUnit":"(3,98 €/Kg.)","imgUrl":"https://s0.dia.es/medias/h4d/he1/8868590714910.png"},{"title":"FIRST CLASS paté para perros adultos rico en pollo con pasta y zanahoria tarrina 400 gr","price":"1,59 €","pricePerUnit":"(3,98 €/Kg.)","imgUrl":"https://s1.dia.es/medias/h81/hdb/8868572364830.png"},{"title":"PEDIGREE alimento para perros pollo cordero tarrina 300 gr","price":"1,45 €","pricePerUnit":"(4,83 €/Kg.)","imgUrl":"https://s1.dia.es/medias/h83/h72/8855914446878.png"},{"title":"PEDIGREE paté para perros con pollo lata 800 gr","price":"2,65 €","pricePerUnit":"(3,31 €/Kg.)","imgUrl":"https://s2.dia.es/medias/hdd/h39/8856316215326.png"},{"title":"PEDIGREE paté para perros mini con buey e hígado tarrina 300 gr","price":"1,45 €","pricePerUnit":"(4,83 €/Kg.)","imgUrl":"https://s0.dia.es/medias/h4c/hb5/8856349311006.png"},{"title":"PEDIGREE paté para perros senior con ternera y aves  tarrina 300 gr","price":"1,45 €","pricePerUnit":"(4,83 €/Kg.)","imgUrl":"https://s1.dia.es/medias/h6f/hef/8856333058078.png"},{"title":"PURINA One alimento para perros mini adulto con carne de vaca y pato 4 x 100 gr","price":"2,45 €","pricePerUnit":"(6,13 €/Kg.)","imgUrl":"https://s1.dia.es/medias/h42/h4f/9564228976670.jpg"}]},"alimento-seco":{"categoryUrl":"/compra-online/productos/mascotas/perros/alimento-seco/c/WEB.012.111.00672","products":[{"title":"AS alimento  para perros  de razas pequeñas cordero arroz bolsa 2 kg","price":"3,29 €","pricePerUnit":"(1,65 €/Kg.)","imgUrl":"https://s0.dia.es/medias/hc3/hc3/9037634142238.jpg"},{"title":"AS alimento para perros alta energía rico en pollo con arroz bolsa 12 Kg","price":"10,90 €","pricePerUnit":"(10,90 €/ud.)","imgUrl":"https://s1.dia.es/medias/h87/h03/9037645676574.jpg"},{"title":"AS alimento para perros de razas pequeñas con carne y arroz bolsa 4 Kg","price":"6,92 €","pricePerUnit":"(1,73 €/Kg.)","imgUrl":"https://s2.dia.es/medias/he4/hb1/9076977860638.jpg"},{"title":"AS alimento para perros medianos con buey bolsa 4 Kg","price":"3,75 €","pricePerUnit":"(3,75 €/ud.)","imgUrl":"https://s1.dia.es/medias/h35/h6a/9037678182430.jpg"},{"title":"AS alimento para perros menú mix completo y variado con buey bolsa 4 Kg","price":"3,99 €","pricePerUnit":"(1,00 €/Kg.)","imgUrl":"https://s1.dia.es/medias/hb2/h17/9144061394974.jpg"},{"title":"AS alimento para perros menú top fit bolsa 4 Kg","price":"7,61 €","pricePerUnit":"(1,90 €/Kg.)","imgUrl":"https://s3.dia.es/medias/h4a/h00/9076972617758.jpg"},{"title":"AS alimento para perros mini rico en ave con arroz y guisantes bolsa 1 Kg","price":"2,85 €","pricePerUnit":"(2,85 €/Kg.)","imgUrl":"https://s2.dia.es/medias/ha1/h32/9077879406622.jpg"},{"title":"AS alimento para perros para cachorros bolsa 4 kg","price":"8,43 €","pricePerUnit":"(2,11 €/Kg.)","imgUrl":"https://s3.dia.es/medias/hdd/h1f/9037587611678.jpg"},{"title":"AS alimento para perros senior bolsa 3 kg","price":"4,76 €","pricePerUnit":"(1,59 €/Kg.)","imgUrl":"https://s3.dia.es/medias/h29/hcc/9076998242334.jpg"},{"title":"AS Selection alimento para perros adultos rico en pollo bolsa 4 Kg","price":"9,95 €","pricePerUnit":"(2,49 €/Kg.)","imgUrl":"https://s3.dia.es/medias/h42/haf/8959576408094.png"},{"title":"AS Selection alimento para perros junior mini rico en pollo bolsa 800 gr","price":"2,71 €","pricePerUnit":"(3,39 €/Kg.)","imgUrl":"https://s2.dia.es/medias/h4a/ha3/9076977205278.jpg"},{"title":"AS Selection alimento para perros mini rico en salmón bolsa 2 Kg","price":"5,98 €","pricePerUnit":"(2,99 €/Kg.)","imgUrl":"https://s3.dia.es/medias/h43/hc7/8959611928606.png"},{"title":"AS Selection alimento para perros mini senior rico en pollo con arroz bolsa 800 gr","price":"2,75 €","pricePerUnit":"(3,44 €/Kg.)","imgUrl":"https://s3.dia.es/medias/hca/h68/9083001995294.jpg"},{"title":"BON MENU alimento para perros receta campesina bolsa 10 Kg","price":"14,35 €","pricePerUnit":"(1,44 €/Kg.)","imgUrl":"https://s1.dia.es/medias/h5c/h54/8893012607006.jpg"},{"title":"BON MENU alimento para perros receta tradicional bolsa 4 kg","price":"5,75 €","pricePerUnit":"(1,44 €/Kg.)","imgUrl":"https://s1.dia.es/medias/h71/h98/8901936807966.png"},{"title":"BREKKIES alimento para perros mini con pollo, buey y verduras bolsa 3 Kg","price":"8,35 €","pricePerUnit":"(2,78 €/Kg.)","imgUrl":"https://s2.dia.es/medias/hed/h96/9536042926110.jpg"},{"title":"BREKKIES EXCEL alimento para perros classic bolsa  4 kg","price":"7,75 €","pricePerUnit":"(1,94 €/Kg.)","imgUrl":"https://s2.dia.es/medias/h74/ha7/8856372379678.png"},{"title":"BREKKIES EXEL alimento para perros junior con pollo y arroz bolsa 3 kg","price":"9,29 €","pricePerUnit":"(3,10 €/Kg.)","imgUrl":"https://s1.dia.es/medias/h54/h95/8904942059550.jpg"},{"title":"BREKKIES Tender&delicious alimento para perros adultos con buey y pollo bolsa 3 Kg","price":"6,55 €","pricePerUnit":"(2,18 €/Kg.)","imgUrl":"https://s1.dia.es/medias/h05/h4e/9390430355486.jpg"},{"title":"BREKKIES Tenderissimo alimento para perros mini con buey bolsa 1 Kg","price":"4,55 €","pricePerUnit":"(4,55 €/Kg.)","imgUrl":"https://s3.dia.es/medias/hc5/h01/8860906618910.png"},{"title":"FRISKIES alimento para perros complet bolsa 10 kg","price":"13,50 €","pricePerUnit":"(1,35 €/Kg.)","imgUrl":"https://s1.dia.es/medias/h49/heb/9376135315486.jpg"},{"title":"FRISKIES alimento para perros mini con buey bolsa 1.5 kg","price":"5,03 €","pricePerUnit":"(3,35 €/Kg.)","imgUrl":"https://s1.dia.es/medias/h4e/h87/9376147177502.jpg"},{"title":"FRISKIES Purina alimento para perro active bolsa 3 Kg","price":"6,90 €","pricePerUnit":"(2,30 €/Kg.)","imgUrl":"https://s1.dia.es/medias/h20/h8d/9376149471262.jpg"},{"title":"FROLIC alimento para perros con buey/zanahorias y cereales bolsa 1.5 kg","price":"4,75 €","pricePerUnit":"(3,17 €/Kg.)","imgUrl":"https://s2.dia.es/medias/hf2/hbd/8856408621086.png"},{"title":"FROLIC alimento para perros pequeños y medianos bolsa 1 kg","price":"4,10 €","pricePerUnit":"(4,10 €/Kg.)","imgUrl":"https://s1.dia.es/medias/hc2/h37/8855815880734.png"},{"title":"PURINA One active alimento para perros mini rico en pollo bolsa 800 gr","price":"4,26 €","pricePerUnit":"(5,33 €/Kg.)","imgUrl":"https://s3.dia.es/medias/h94/hcc/9365917171742.jpg"},{"title":"PURINA One alimento para perros mini con buey bolsa 800 gr","price":"4,14 €","pricePerUnit":"(5,18 €/Kg.)","imgUrl":"https://s2.dia.es/medias/ha8/h61/9366211624990.jpg"},{"title":"PURINA One alimento para perros mini control del peso bolsa 1.5 Kg","price":"4,79 €","pricePerUnit":"(3,19 €/Kg.)","imgUrl":"https://s3.dia.es/medias/h63/ha6/9658061651998.jpg"},{"title":"PURINA One light alimento para perros mini rico en pavo bolsa 800 gr","price":"4,26 €","pricePerUnit":"(5,33 €/Kg.)","imgUrl":"https://s2.dia.es/medias/h19/hf4/9366268313630.jpg"},{"title":"ULTIMA alimento para perros adulto con pollo y arroz bolsa 7,5 kg","price":"24,95 €","pricePerUnit":"(3,33 €/Kg.)","imgUrl":"https://s0.dia.es/medias/ha4/heb/9549214416926.jpg"},{"title":"ULTIMA alimento para perros adultos con pollo arroz bolsa 3 kg","price":"10,55 €","pricePerUnit":"(3,52 €/Kg.)","imgUrl":"https://s1.dia.es/medias/h80/h14/8856453185566.png"},{"title":"ULTIMA alimento para perros bulldog bolsa 1,5 kg","price":"6,99 €","pricePerUnit":"(4,66 €/Kg.)","imgUrl":"https://s3.dia.es/medias/h37/h4c/9549190430750.jpg"},{"title":"ULTIMA alimento para perros junior con pollo arroz bolsa 3 kg","price":"12,95 €","pricePerUnit":"(4,32 €/Kg.)","imgUrl":"https://s3.dia.es/medias/h63/hd6/9549231783966.jpg"},{"title":"ULTIMA alimento para perros mini bolsa 1,5 kg","price":"5,65 €","pricePerUnit":"(3,77 €/Kg.)","imgUrl":"https://s2.dia.es/medias/he7/h6f/9549265862686.jpg"},{"title":"ULTIMA alimento para perros mini junior bolsa 1,5 kg","price":"7,10 €","pricePerUnit":"(4,73 €/Kg.)","imgUrl":"https://s1.dia.es/medias/hfa/hf7/9549293387806.jpg"},{"title":"ULTIMA alimento para perros mini senior bolsa 1,5 kg","price":"7,10 €","pricePerUnit":"(4,73 €/Kg.)","imgUrl":"https://s3.dia.es/medias/hb6/h99/9549183877150.jpg"},{"title":"ULTIMA alimento para perros senior bolsa 3 kg","price":"12,95 €","pricePerUnit":"(4,32 €/Kg.)","imgUrl":"https://s1.dia.es/medias/hf4/h35/9549265535006.jpg"},{"title":"ULTIMA alimento para perros yorkshire terrier con pollo y arroz bolsa 1.5 Kg","price":"7,10 €","pricePerUnit":"(4,73 €/Kg.)","imgUrl":"https://s0.dia.es/medias/h02/h97/9549153665054.jpg"},{"title":"ULTIMA light alimento para perro con arroz y pollo bolsa 3 Kg","price":"11,99 €","pricePerUnit":"(4,00 €/Kg.)","imgUrl":"https://s0.dia.es/medias/h1b/h45/9549150715934.jpg"},{"title":"ULTIMA Nature alimento para perros medianos con cordero bolsa 3 Kg","price":"14,39 €","pricePerUnit":"(4,80 €/Kg.)","imgUrl":"https://s0.dia.es/medias/h07/hd1/9549315080222.jpg"},{"title":"ULTIMA Nature alimento para perros mini con cordero bolsa 1.25 Kg","price":"8,25 €","pricePerUnit":"(6,60 €/Kg.)","imgUrl":"https://s2.dia.es/medias/hf9/hcb/9549171687454.jpg"}]},"snacks":{"categoryUrl":"/compra-online/productos/mascotas/perros/snacks/c/WEB.012.111.00673","products":[{"title":"AS Beauty snack para perros bolsa 150 gr","price":"1,74 €","pricePerUnit":"(11,60 €/Kg.)","imgUrl":"https://s0.dia.es/medias/ha3/hf0/8872656404510.png"},{"title":"AS sanck para perros galletas huesitos perro bolsa 500 gr","price":"2,32 €","pricePerUnit":"(4,64 €/Kg.)","imgUrl":"https://s3.dia.es/medias/h7c/he6/8961312423966.jpg"},{"title":"AS snack para perros big bones rico en pollo bolsa 2 uds","price":"1,97 €","pricePerUnit":"(8,14 €/Kg.)","imgUrl":"https://s2.dia.es/medias/h51/ha2/8854915186718.png"},{"title":"AS snack para perros con ternera 5 uds","price":"1,00 €","pricePerUnit":"(0,20 €/ud.)","imgUrl":"https://s3.dia.es/medias/h73/hb3/8883784908830.png"},{"title":"AS snack para perros de pollo bolsa 200 gr","price":"1,99 €","pricePerUnit":"(9,95 €/Kg.)","imgUrl":"https://s2.dia.es/medias/h2f/h75/8958679842846.png"},{"title":"AS snack para perros dental bolsa 170 gr","price":"2,30 €","pricePerUnit":"(13,53 €/Kg.)","imgUrl":"https://s2.dia.es/medias/h5e/he0/8961205403678.jpg"},{"title":"AS snack para perros energy con vitaminas y L- carnitina bolsa 150 gr","price":"1,67 €","pricePerUnit":"(11,13 €/Kg.)","imgUrl":"https://s1.dia.es/medias/h44/h86/8883889438750.png"},{"title":"AS snack para perros galletas rellenas de carne envase 500 gr","price":"1,37 €","pricePerUnit":"(2,74 €/Kg.)","imgUrl":"https://s0.dia.es/medias/hb2/h1e/8959620513822.png"},{"title":"AS snack para perros junior huesitos rico en pollo bolsa 100 gr","price":"1,05 €","pricePerUnit":"(10,50 €/Kg.)","imgUrl":"https://s0.dia.es/medias/hf0/h9f/8894316904478.png"},{"title":"AS snack para perros pequeños sandwich mix bolsa 250 gr","price":"1,29 €","pricePerUnit":"(5,16 €/Kg.)","imgUrl":"https://s1.dia.es/medias/hc7/h38/8894422188062.png"},{"title":"AS snack para perros sabor bacon bolsa 120 gr","price":"0,99 €","pricePerUnit":"(8,25 €/Kg.)","imgUrl":"https://s1.dia.es/medias/h32/h0d/8899394076702.png"},{"title":"AS snack para perros sabor cordero bolsa 200 gr","price":"2,49 €","pricePerUnit":"(12,45 €/Kg.)","imgUrl":"https://s0.dia.es/medias/h46/h1f/9102907768862.jpg"},{"title":"AS snack para perros ternera bolsa 12 uds","price":"1,27 €","pricePerUnit":"(10,58 €/Kg.)","imgUrl":"https://s3.dia.es/medias/h90/h5b/8894298357790.png"},{"title":"BOXBY snack para perros calcium bone bolsa 100 gr","price":"2,99 €","pricePerUnit":"(29,90 €/Kg.)","imgUrl":"https://s0.dia.es/medias/h5b/hb2/9139943669790.jpg"},{"title":"BOXBY snack para perros con pollo y zanahoria bolsa 100 gr","price":"2,99 €","pricePerUnit":"(29,90 €/Kg.)","imgUrl":"https://s3.dia.es/medias/h4f/h0d/9139907362846.jpg"},{"title":"BREKKIES snack para perros medianos total dent bolsa 180 gr","price":"2,25 €","pricePerUnit":"(12,50 €/Kg.)","imgUrl":"https://s2.dia.es/medias/h5e/had/8904773697566.jpg"},{"title":"BREKKIES snack para perros total dent mini bolsa 110 gr","price":"2,49 €","pricePerUnit":"(22,64 €/Kg.)","imgUrl":"https://s2.dia.es/medias/h55/hd0/8921346408478.jpg"},{"title":"FRISKIES snack para perros medianos/grandes dental fresh 3 en 1 bolsa 180gr","price":"2,79 €","pricePerUnit":"(15,50 €/Kg.)","imgUrl":"https://s2.dia.es/medias/hef/h40/9376134332446.jpg"},{"title":"FRISKIES snack para perros picnic variety bolsa 146 gr","price":"2,69 €","pricePerUnit":"(18,42 €/Kg.)","imgUrl":"https://s2.dia.es/medias/hbe/h10/9376132694046.jpg"},{"title":"FROLIC snack para perros funny twist sabor queso/buey bolsa 140 gr","price":"1,55 €","pricePerUnit":"(11,07 €/Kg.)","imgUrl":"https://s1.dia.es/medias/hf7/hee/8858333020190.png"},{"title":"FROLIC snack para perros smiley sticks bolsa 175 gr","price":"1,49 €","pricePerUnit":"(8,51 €/Kg.)","imgUrl":"https://s0.dia.es/medias/hfe/h50/8858525106206.png"},{"title":"FROLIC snack para perros tasty bites de carne bolsa 180 gr","price":"1,55 €","pricePerUnit":"(8,61 €/Kg.)","imgUrl":"https://s2.dia.es/medias/h88/h22/8858363428894.png"},{"title":"PEDIGREE snack para perros biscrock caja 500 gr","price":"2,19 €","pricePerUnit":"(4,38 €/Kg.)","imgUrl":"https://s1.dia.es/medias/h88/h70/8856302059550.png"},{"title":"PEDIGREE snack para perros grandes dentastix bolsa 270 gr","price":"3,49 €","pricePerUnit":"(12,93 €/Kg.)","imgUrl":"https://s3.dia.es/medias/hb4/h0e/8856471535646.png"},{"title":"PEDIGREE snack para perros mini dentastix bolsa 110 gr","price":"3,14 €","pricePerUnit":"(28,55 €/Kg.)","imgUrl":"https://s0.dia.es/medias/h9c/he1/8856368185374.png"},{"title":"PEDIGREE snack para perros rodeo bolsa 70 gr","price":"1,32 €","pricePerUnit":"(18,86 €/Kg.)","imgUrl":"https://s3.dia.es/medias/h0c/he7/8855820599326.png"},{"title":"PEDIGREE snack para perros schmackos multi tiras de carne bolsa 104 gr","price":"2,79 €","pricePerUnit":"(26,83 €/Kg.)","imgUrl":"https://s3.dia.es/medias/hc5/hb6/8855853105182.png"},{"title":"PEDIGREE snack para perros tasty bites chewy cubes con pollo bolsa 130 gr","price":"1,99 €","pricePerUnit":"(15,31 €/Kg.)","imgUrl":"https://s0.dia.es/medias/h6a/hd6/9039597797406.jpg"},{"title":"PEDIGREE snack para perros tasty bites con pollo bolsa 140 gr","price":"1,99 €","pricePerUnit":"(14,21 €/Kg.)","imgUrl":"https://s1.dia.es/medias/hdb/hf9/8917508292638.png"},{"title":"PEDIGREE snack perro dentastix bolsa 180 gr","price":"3,35 €","pricePerUnit":"(18,61 €/Kg.)","imgUrl":"https://s3.dia.es/medias/h75/h9b/8855886135326.png"}]}},"resto-animales":{"name":"Restoanimales","productTypes":["alimento-pajaros","alimento-peces-tortugas","alimento-roedores"],"alimento-pajaros":{"categoryUrl":"/compra-online/productos/mascotas/resto-animales/alimento-pajaros/c/WEB.012.109.00669","products":[{"title":"AS alimento completo para loros bolsa 1 Kg","price":"2,79 €","pricePerUnit":"(2,79 €/Kg.)","imgUrl":"https://s2.dia.es/medias/hfc/hc5/9015918985246.jpg"},{"title":"AS alimento para canarios bolsa 500 gr","price":"0,78 €","pricePerUnit":"(1,56 €/Kg.)","imgUrl":"https://s0.dia.es/medias/h30/h29/9015889166366.jpg"},{"title":"DIA barritas con frutas para canarios bolsa 70 gr","price":"1,17 €","pricePerUnit":"(16,71 €/Kg.)","imgUrl":"https://s3.dia.es/medias/h5c/h92/8846782267422.png"},{"title":"DIA barritas con frutas para periquitos bolsa 70 gr","price":"1,44 €","pricePerUnit":"(20,57 €/Kg.)","imgUrl":"https://s2.dia.es/medias/hde/hd3/8846960132126.png"},{"title":"NIDO barritas con miel para periquitos caja 2 uds","price":"1,79 €","pricePerUnit":"(39,78 €/Kg.)","imgUrl":"https://s0.dia.es/medias/hd4/h2f/9146532495390.jpg"}]},"alimento-peces-tortugas":{"categoryUrl":"/compra-online/productos/mascotas/resto-animales/alimento-peces-tortugas/c/WEB.012.109.00670","products":[{"title":"BOB MARTIN alimento para pez de agua fría bote 40 g","price":"4,23 €","pricePerUnit":"(105,75 €/Kg.)","imgUrl":"https://s1.dia.es/medias/hb6/hec/9487935373342.jpg"},{"title":"FRISKIES Multifloc alimento para peces de agua tropical bote 40 gr","price":"4,29 €","pricePerUnit":"(107,25 €/Kg.)","imgUrl":"https://s2.dia.es/medias/h43/hb0/9139945635870.jpg"},{"title":"FRISKIES Optimal alimento completo para tortugas y reptiles bote 110 gr","price":"4,99 €","pricePerUnit":"(45,36 €/Kg.)","imgUrl":"https://s2.dia.es/medias/hbd/h86/9139883507742.jpg"}]},"alimento-roedores":{"categoryUrl":"/compra-online/productos/mascotas/resto-animales/alimento-roedores/c/WEB.012.109.00674","products":[{"title":"AS alimento para roedores anillos bolsa 250 gr","price":"1,55 €","pricePerUnit":"(6,20 €/Kg.)","imgUrl":"https://s0.dia.es/medias/h85/h75/9083016314910.jpg"},{"title":"DIA alimento mix para roedores bolsa 1 Kg","price":"2,27 €","pricePerUnit":"(2,27 €/Kg.)","imgUrl":"https://s1.dia.es/medias/h06/he6/9154915631134.jpg"},{"title":"DIA alimentos para  conejos enanos bolsa 1 kg","price":"1,58 €","pricePerUnit":"(1,58 €/Kg.)","imgUrl":"https://s2.dia.es/medias/h04/h3e/9154856648734.jpg"},{"title":"FRISKIES alimento completo para hamster bolsa 400 gr","price":"1,99 €","pricePerUnit":"(4,98 €/Kg.)","imgUrl":"https://s3.dia.es/medias/he6/h6c/8906529800222.jpg"},{"title":"VITAKRAFT Premium alimento completo para conejos enanos bolsa 1 Kg","price":"2,99 €","pricePerUnit":"(2,99 €/Kg.)","imgUrl":"https://s3.dia.es/medias/h5c/h42/9500854419486.jpg"}]}},"accesorios":{"name":"Accesorios","productTypes":["accesorios"],"accesorios":{"categoryUrl":"/compra-online/productos/mascotas/accesorios/accesorios/c/WEB.012.114.00676","products":[{"title":"BIOZOO bolsas higiénicas para bandeja de gatos paquete 10 uds","price":"1,99 €","pricePerUnit":"(0,20 €/ud.)","imgUrl":"https://s3.dia.es/medias/h01/h9b/8868580753438.png"},{"title":"BIOZOO cepillo raqueta caucho 1 ud (diferentes modelos)","price":"1,99 €","pricePerUnit":"(1,99 €/ud.)","imgUrl":"https://s1.dia.es/medias/hb5/h12/8868540907550.png"},{"title":"BIOZOO empapadores para perros 60 x 40 cm paquete 15 uds","price":"4,99 €","pricePerUnit":"(0,50 €/ud.)","imgUrl":"https://s3.dia.es/medias/h03/hb1/8874595647518.png"},{"title":"BIOZOO pelota para perros 1 ud (diferentes modelos)","price":"3,85 €","pricePerUnit":"(3,85 €/ud.)","imgUrl":"https://s2.dia.es/medias/h86/hc1/8872827387934.png"},{"title":"BOB MARTIN Clear pipeta tratamiento para gatos anti pulgas y garrapatas 2 uds","price":"9,55 €","pricePerUnit":"(19 100,00 €/l.)","imgUrl":"https://s0.dia.es/medias/he1/h5d/9108908998686.jpg"},{"title":"BOB MARTIN Clear pipeta tratamiento para perros anti pulgas y garrapatas 2 uds","price":"8,89 €","pricePerUnit":"(66,34 €/l.)","imgUrl":"https://s0.dia.es/medias/h76/h2b/9108866465822.jpg"},{"title":"HOUTVEZEL virutas de madera bolsa 1 Kg","price":"1,85 €","pricePerUnit":"(0,12 €/l.)","imgUrl":"https://s3.dia.es/medias/h1f/h7c/9004818595870.jpg"},{"title":"Limpia olores para mascotas spray 80 ml","price":"1,69 €","pricePerUnit":"(21,12 €/l.)","imgUrl":"https://s0.dia.es/medias/he6/hee/8857800343582.png"},{"title":"MENFORSAN champú arbol de té para perros antipicores bote 300 ml","price":"4,99 €","pricePerUnit":"(4,99 €/ud.)","imgUrl":"https://s2.dia.es/medias/hd9/h76/9592252792862.jpg"},{"title":"MENFORSAN champú repelente de insectos para perros bote 300 ml","price":"5,99 €","pricePerUnit":"(5,99 €/ud.)","imgUrl":"https://s0.dia.es/medias/h31/h3b/9592274419742.jpg"}]}}},"soy-solidario":{"name":"Soysolidario","subCategoriesName":["soy-solidario"],"soy-solidario":{"name":"Soysolidario","productTypes":["soy-solidario"],"soy-solidario":{"categoryUrl":"/compra-online/productos/soy-solidario/soy-solidario/soy-solidario/c/WEB.013.001.00001","products":[{"title":"1 KILO de Ayuda","price":"1,00 €","pricePerUnit":"(1,00 €/ud.)","imgUrl":"https://s1.dia.es/medias/hb2/h2f/9004887998494.jpg"},{"title":"AUARA agua mineral natural sin gas botella 50 cl","price":"0,57 €","pricePerUnit":"(1,14 €/l.)","imgUrl":"https://s1.dia.es/medias/h94/hbb/9487966306334.jpg"},{"title":"DONAR 1 €","price":"1,00 €","pricePerUnit":"(1,00 €/ud.)","imgUrl":"https://s3.dia.es/medias/h77/hcb/8861575020574.png"},{"title":"DONAR 10 €","price":"10,00 €","pricePerUnit":"(10,00 €/ud.)","imgUrl":"https://s1.dia.es/medias/h04/h57/8861573971998.png"},{"title":"DONAR 5 €","price":"5,00 €","pricePerUnit":"(5,00 €/ud.)","imgUrl":"https://s3.dia.es/medias/hba/h76/8861575544862.png"}]}}},"comercio-justo":{"name":"Comerciojusto","subCategoriesName":["comercio-justo"],"comercio-justo":{"name":"Comerciojusto","productTypes":["comercio-justo"],"comercio-justo":{"categoryUrl":"/compra-online/productos/comercio-justo/comercio-justo/comercio-justo/c/WEB.015.001.00001","products":[{"title":"OXFAM  chocolate negro 70% naranja bio tableta 100 gr","price":"2,39 €","pricePerUnit":"(23,90 €/Kg.)","imgUrl":"https://s0.dia.es/medias/hf2/ha4/9498715619358.jpg"},{"title":"OXFAM azúcar de caña sin refinar bio Paraguay paquete 500 gr","price":"2,75 €","pricePerUnit":"(5,50 €/Kg.)","imgUrl":"https://s1.dia.es/medias/h2d/he6/9498699169822.jpg"},{"title":"OXFAM cacao instantáneo bio bote 400 gr","price":"4,29 €","pricePerUnit":"(10,73 €/Kg.)","imgUrl":"https://s2.dia.es/medias/heb/hcc/9498845610014.jpg"},{"title":"OXFAM café espresso descafeinado caja 10 cápsulas","price":"2,95 €","pricePerUnit":"(0,30 €/ud.)","imgUrl":"https://s3.dia.es/medias/h3c/hca/9498699497502.jpg"},{"title":"OXFAM café espresso intenso caja 10 cápsulas","price":"2,95 €","pricePerUnit":"(0,30 €/ud.)","imgUrl":"https://s1.dia.es/medias/h7f/h4c/9498731085854.jpg"},{"title":"OXFAM café molido natural paquete 250 gr","price":"2,65 €","pricePerUnit":"(10,60 €/Kg.)","imgUrl":"https://s1.dia.es/medias/h38/h77/9498720206878.jpg"},{"title":"OXFAM chocolate negro 70% cacao bio tableta 100 gr","price":"2,39 €","pricePerUnit":"(23,90 €/Kg.)","imgUrl":"https://s2.dia.es/medias/h4f/hef/9498731413534.jpg"},{"title":"OXFAM chocolate negro 70% pepitas de cacao bio tableta 100 gr","price":"2,39 €","pricePerUnit":"(23,90 €/Kg.)","imgUrl":"https://s0.dia.es/medias/hb2/h6b/9498709000222.jpg"},{"title":"OXFAM chocolate negro 85% cacao bio tableta 100 gr","price":"2,49 €","pricePerUnit":"(24,90 €/Kg.)","imgUrl":"https://s0.dia.es/medias/ha2/h96/9498730758174.jpg"},{"title":"OXFAM panela granulada bio Ecuador paquete 500 gr","price":"2,40 €","pricePerUnit":"(4,80 €/Kg.)","imgUrl":"https://s1.dia.es/medias/h71/hdd/9498708672542.jpg"},{"title":"OXFAM té chai con especias bio estuche 20 bolsitas","price":"2,79 €","pricePerUnit":"(0,14 €/ud.)","imgUrl":"https://s1.dia.es/medias/hf1/h77/9498725842974.jpg"},{"title":"OXFAM té verde bio estuche 20 bolsitas","price":"2,49 €","pricePerUnit":"(0,12 €/ud.)","imgUrl":"https://s3.dia.es/medias/h37/h9a/9498693599262.jpg"},{"title":"OXFAM té verde con menta bio estuche 20 bolsitas","price":"2,59 €","pricePerUnit":"(0,13 €/ud.)","imgUrl":"https://s0.dia.es/medias/h9b/h00/9498719879198.jpg"}]}}}}